2990 5002
519 467 589 532 sn
623 408 922 564 sucronem
1223 480 1278 542 „a
1336 477 1337 484 ¹

147 650 385 719 luxuriosissimi
409 649 543 715 Nasonis
567 651 691 716 ubertas
716 661 749 715 et
768 650 953 737 amplitudo)
976 655 1090 742 magni
1116 675 1155 722 ex·
1176 651 1276 745 parte,

149 773 286 849 quantus
309 774 365 840 est,
386 760 533 840 effecerim
560 761 695 828 venustis
713 761 892 828 bominibus
904 785 957 826 me
973 785 1040 828 rem
1061 767 1149 834 vaide
1165 771 1278 856 jucun·

151 873 226 939 dam
239 873 394 938 acturum
408 895 473 938 esse
487 872 616 951 madidi,
639 873 665 936 si
680 872 835 938 Mineieni
848 873 926 938 vatis
940 874 1128 942 imitationes
1141 877 1278 969 undique

149 986 379 1072 conquirerem,
396 995 427 1048 et
440 1007 513 1050 erun
526 983 760 1069 exemplaribus
772 981 833 1048 s'uis
847 985 987 1070 apposite
1009 985 1188 1055 cometissae
1209 1015 1278 1079 spe·

148 1097 267 1178 cialiter
282 1096 470 1163 exhiberem
503 1095 601 1160 Hanc
615 1095 680 1160 asie
690 1093 753 1160 mei
766 1095 880 1159 laboris
889 1108 1011 1181 partem
1024 1099 1110 1168 nullo
1119 1103 1215 1173 modo
1228 1105 1277 1169 in.

146 1206 434 1287 fructuosissimam,
450 1208 491 1273 ab
505 1207 709 1273 ostentatione
722 1205 794 1272 lio'st
807 1206 986 1296 longissime
999 1224 1164 1292 remotam,
1180 1213 1278 1301 depu-¹

145 1317 216 1386 tare·
230 1319 329 1398 solem
345 1317 377 1385 'et
390 1321 627 1386 amoenissimam
648 1321 785 1386 futuram
799 1319 873 1386 hinc
886 1319 1058 1388 institutam
1073 1328 1279 1411 comparatio-

146 1452 223 1496 nem
235 1429 415 1498 bomimbus
430 1430 625 1520 elegantioris
635 1429 754 1521 ingenii
767 1429 899 1508 libenter
909 1427 1055 1522 augurorss
1100 1435 1140 1502 In
1154 1436 1216 1502 hoc
1230 1439 1279 1504 oi-

146 1541 222 1608 iicio
235 1541 333 1609 multe
346 1541 516 1632 surit'quae
535 1545 727 1634 diligentiam
748 1545 893 1615 eluserint
915 1541 1091 1627 doctorum,
1114 1550 1168 1636 qui
1190 1574 1223 1615 se
1238 1543 1279 1617 ad

144 1653 232 1719 hanc
244 1677 313 1720 rem
334 1652 374 1720 ex
389 1657 527 1744 proibsso
548 1653 760 1738 conudissent3
784 1671 816 1724 et
835 1681 930 1749 aegre,
955 1653 1014 1724 nisi
1036 1682 1077 1724 ex
1099 1664 1277 1748 compertis,

146 1766 381 1852 credipoterat,
397 1769 505 1852 polein
527 1769 733 1858 virgilianam
754 1793 849 1857 quam
869 1771 993 1856 penitus
1011 1763 1168 1852 imbuerit,
1184 1763 1279 1860 quain

145 1875 324 1946 medullitus
338 1875 504 1959 incoxerit,
523 1883 625 1944 oratio
640 1873 838 1949 Lucretiana.
885 1883 984 1946 Hunc
999 1894 1103 1946 autern
1126 1906 1167 1947 ex
1181 1874 1280 1949 ebu'ri-¹

144 1987 236 2054 duriti
247 1988 385 2054 finctum
393 1989 454 2054 hec
466 1990 629 2054 collatione
641 1992 818 2075 provenisse
832 1988 910 2055 mihi
922 1991 1120 2059 vehementer
1128 1972 1278 2081 gratulor,

143 2101 234 2186 quod
248 2100 324 2164 hinc
338 2099 553 2185 complusculis
566 2099 717 2166 ulceribus
733 2092 868 2190 Virgilii,
891 2091 1028 2166 sanitatis
1043 2104 1177 2188 speciem
1190 2127 1280 2170 men·

142 2205 309 2287 tientibus,
325 2209 456 2296 ideoque
470 2207 584 2274 difficili
598 2222 629 2274 et
642 2211 813 2297 periculosi
835 2209 1030 2291 tractatione,
1046 2213 1200 2280 medelam
1214 2215 1276 2281 effi·

142 2315 339 2387 cecissimam
350 2316 514 2386 admovere
522 2317 683 2407 quiverim:
706 2323 791 2388 unde
804 2323 889 2408 apud
899 2324 1046 2411 quicquid
1061 2325 1278 2396 esthominum

142 2425 360 2498 vetustiorum
373 2425 425 2496 nie
437 2427 552 2520 gratias
566 2433 706 2521 ingentes
720 2427 873 2500 initurum
887 2455 990 2522 spero,
1007 2433 1203 2526 confidoque.

191 2655 264 2720 Jam
277 2677 362 2734 vero,
379 2675 444 2720 non
459 2655 535 2720 alius
547 2667 595 2719 est
608 2657 712 2742 pelta,
727 2656 761 2719 in
776 2679 869 2744 quem
882 2657 1007 2724 lieentia
1021 2660 1211 2739 criticorum,
1227 2657 1275 2726 in'·

142 2768 246 2856 geniis
255 2767 317 2832 suis
327 2779 443 2832 temere
452 2767 691 2856 indulgentirun,
707 2769 818 2834 saevius
831 2783 970 2858 grassata
983 2783 1041 2850 est,
1057 2773 1194 2858 atqueJflin
1209 2771 1275 2836 Lu-

144 2880 295 2956 cretium3
311 2891 366 2944 aut
379 2901 472 2966 quem
487 2882 713 2964 corruptiorem
729 2881 814 2944 docti
828 2877 934 2949 tenant
948 2882 1117 2946 arbitrariis
1131 2881 1277 2946 emenda-

144 3001 253 3056 torum
267 2990 565 3076 interpolationibus.
609 2990 880 3068 Nos,'auctoritati
902 2993 1054 3056 librorum
1076 2992 1273 3078 scriptorum,

145 3101 209 3188 quai
223 3101 393 3186 potuimus,
409 3112 441 3164 et
456 3101 561 3164 Latini
576 3102 725 3165 sermonis
739 3102 868 3166 sincerae
882 3102 963 3192 leges
978 3103 1124 3183 sinerent,
1143 3104 1275 3172 fideliter

145 3211 297 3291 obsecuti,
314 3225 345 3277 et
359 3213 490 3278 subinde
502 3236 559 3300 per
573 3211 701 3277 leviores
715 3233 757 3278 ex
770 3211 897 3301 ingenio
912 3215 1110 3294 mutationes,
1125 3216 1165 3280 de
1178 3217 1273 3282 ratio·

144 3317 240 3388 riibus
255 3324 296 3392 ad
310 3323 455 3389 codicum
475 3323 605 3412 vestigia
626 3323 853 3411 religiosissime
875 3325 1045 3404 subductis,
1068 3325 1274 3394 timidiuscule

144 3436 314 3524 progressi,
341 3436 578 3522 depravationes
599 3435 779 3500 innumeras
808 3436 1002 3524 profligasse,
1032 3459 1069 3502 ec
1097 3451 1272 3506 venustates

146 3549 298 3613 sermonis
312 3569 406 3634 quarn
420 3546 579 3633 plurimas,
602 3547 779 3614 demortuae
792 3547 884 3634 plane
905 3547 1181 3638 conclamatasque,
1207 3553 1274 3618 imo

146 3659 324 3745 deperditas
337 3671 369 3724 et
382 3660 572 3740 obliteratae,
587 3659 815 3746 uobismetipsis
829 3660 936 3726 saitem
944 3662 1086 3728 videmur
1095 3663 1272 3728 resuscitas-

145 3794 190 3834 se.
235 3772 346 3858 Neque
360 3769 444 3840 en'im
457 3773 576 3838 interea
589 3793 655 3836 non
677 3793 771 3859 opere
784 3795 906 3838 summo
927 3775 1074 3840 cavebam
1088 3795 1209 3858 semper
1229 3773 1271 3838 ab

145 3881 198 3946 illi
212 3884 385 3958 temeritate
398 3883 586 3974 corrigendi,
602 3885 696 3973 quain
710 3886 902 3952 ritiosissime
921 3887 1062 3972 usurpari
1086 3883 1271 3969 quibusdem

147 3987 287 4060 Lucretii
309 3991 478 4062 editoribus
499 3999 797 4078 ammadvertebam;
821 4012 853 4065 et
866 3997 952 4064 nolui
966 3997 1169 4074 comittere,
1184 3997 1267 4062 utin

146 4103 207 4170 hac
215 4108 441 4194 vituperatione
448 4112 744 4176 inconstantissimus
754 4113 895 4176 omnium
904 4106 1109 4174 homunculus
1118 4107 1264 4190 haberem

145 4228 179 4281 et
191 4242 228 4287 ca
241 4220 452 4306 reprehensio,
475 4243 569 4307 quam
582 4223 736 4307 prioribus
756 4223 842 4288 haud
856 4221 1068 4288 dubitaveram
1088 4220 1216 4300 illinere,
1231 4223 1266 4286 in
1345 4229 1350 4246 “

144 4343 241 4417 caput
253 4326 416 4420 proprium
430 4333 533 4399 denuo
544 4333 703 4400 recideret.

683 4449 748 4521 bss
