2990 5002
394 922 996 1063 ARGUMENTA.
1119 851 1122 856 ⁴

642 1287 805 1320 ⁴¹¹*-

313 1559 316 1564 ’
357 1513 425 1633 in
463 1493 721 1635 Linnnm
758 1547 1039 1638 PRIMUM

21 1933 22 1938 ’
135 1885 198 2004 IN
211 1921 280 2008 ipso
294 1924 395 2009 operis
416 1923 573 2010 principio
587 1923 742 1987 Venerem
764 1923 897 1986 invocat.
942 1921 987 1986 11.
1003 1921 1140 2000 Deinde,
1164 1943 1259 1988 aver.

134 2045 190 2104 45.
205 2039 248 2103 ad
261 2061 324 2104 ver.
345 2047 415 2104 159.
430 2039 526 2102 libros
540 2061 610 2102 suos
627 2037 667 2102 de
682 2038 803 2102 Rerum
820 2037 941 2103 Natural
958 2038 1081 2106 dedicat
1096 2037 1263 2107 Memmio=

21 2207 22 2220 ,
133 2148 325 2234 Epicurum,
347 2150 435 2234 cujus
450 2147 586 2213 rationes
608 2148 757 2235 sequium,
773 2148 940 2227 collandat3
964 2149 1004 2214 ab
1018 2149 1098 2214 illius
1119 2150 1262 2216 doctrine

21 2311 22 2338 ,
131 2259 305 2344 impietatis
319 2258 475 2330 ,invidiam
497 2257 656 2336 amolitur,
683 2270 715 2324 et
735 2258 827 2344 hujus
848 2271 880 2325 et
895 2261 1090 2347 sequentium
1110 2261 1262 2326 librorum

21 2345 22 2378 ³
66 2427 70 2440 .
133 2381 322 2459 argumenta
335 2371 470 2436 breviter
483 2371 642 2456 proponit.
690 2370 755 2436 111.
771 2371 857 2436 Tum
872 2393 939 2436 rem
955 2373 1055 2457 ipsam
1069 2373 1262 2461 aggreditur,

133 2482 289 2567 docetque
310 2501 407 2546 aver.
427 2487 497 2544 160.
520 2479 637 2546 adver.
654 2487 728 2544 265.
750 2503 791 2544 ex
804 2481 904 2548 nihilo
925 2481 1008 2546 nihil·
1025 2482 1105 2561 fieri,
1120 2495 1153 2547 et
1164 2484 1200 2546 in
1213 2483 1263 2546 ni-

21 2669 22 2696 }
133 2592 236 2658 hilum
246 2591 458 2670 nihilreverti,
474 2611 576 2678 posse,
618 2591 676 2656 IV.
692 2590 725 2657 A
738 2613 800 2657 ver.
823 2599 898 2656 265.
913 2591 955 2658 ad
975 2615 1040 2658 ver.
1055 2595 1132 2658 520.
1142 2595 1264 2660 minuta

21 2699 22 2758 l
137 2727 204 2770 ease
219 2703 365 2790 quaedam
380 2724 527 2790 corpore,
542 2721 626 2790 quae,
641 2702 713 2770 licet
727 2704 785 2769 sub
799 2725 923 2770 sensum
937 2725 1003 2770 non
1016 2705 1141 2784 cadant,
1159 2719 1265 2770 mente

136 2827 243 2880 tamen
257 2827 388 2900 possunt
401 2815 544 2900 concipi,
554 2825 586 2880 et
599 2814 738 2901 equibus
750 2837 801 2880 ree
815 2837 923 2880 omnes
938 2827 1179 2902 componuntur.
1223 2813 1265 2879 V.

137 2925 202 2991 Hie
216 2923 405 3010 corpuserdia
426 2948 446 2988 a
458 2946 522 2988 ver.
546 2933 624 2988 330..
641 2924 759 2989 adver.
782 2931 855 2988 450.
870 2925 1029 3013 subjungit
1050 2947 1195 3004 vacuum,
1211 2948 1266 2991 seu

136 3037 231 3102 inane
247 3035 399 3121 ¹epatium:
422 3045 454 3100 et
468 3034 527 3099 VI.
542 3059 560 3100 a
575 3056 639 3100 ver.
654 3041 725 3100 450.
752 3034 868 3099 adver.
893 3042 965 3098 485.
980 3035 1094 3122 probat
1107 3036 1186 3104 nihil
1199 3059 1265 3102 esse

138 3160 255 3234 praeter
275 3169 389 3232 corpus
410 3157 442 3210 et
462 3145 570 3223 inane3
594 3145 713 3232 reliqua
732 3155 849 3224 eutem,
872 3168 944 3232 quae
964 3147 1110 3218 videntur
1130 3172 1206 3228 esse,
1230 3161 1266 3215 ut

137 3259 275 3344 pondus,
291 3258 386 3336 color,
402 3269 578 3344 paupertas,
601 3257 727 3336 bellum,
749 3259 807 3322 &o
822 3281 887 3324 esse
901 3238 1024 3324 teritum
1038 3259 1204 3344 conjuncta
1217 3257 1266 3324 vel

138 3381 261 3450 eventa,
277 3369 480 3455 proprietates
495 3392 548 3434 aen
563 3369 746 3448 accidentia,
762 3371 905 3455 corporis
920 3382 951 3433 et
964 3369 1075 3434 inanis.
1102 3369 1179 3434 VH.
1194 3351 1265 3435 Do·

138 3493 189 3546 oet
211 3505 230 3544 e
243 3503 306 3546 ver.
317 3488 391 3544 485.
400 3481 441 3544 ad
455 3503 521 3546 ver..
534 3487 607 3546 528.
621 3481 724 3566 prime
738 3479 920 3567 corpusculo
928 3503 993 3546 esse
1002 3479 1137 3565 perfecte
1151 3480 1264 3559 solida5

137 3591 271 3678 ideoque
285 3613 375 3655 aver.
392 3597 463 3654 528.
479 3591 520 3656 ad
530 3614 593 3656 ver.
617 3599 690 3656 655.
705 3591 882 3656 insecabilia
895 3614 971 3671 esee,
986 3593 1128 3671 minime,
1152 3597 1266 3678 (neque

140 3703 225 3767 enim
240 3725 352 3788 corpus
363 3693 563 3768 ininfinitum
571 3703 669 3786 dividi
676 3705 791 3789 potest)
800 3716 831 3770 et
839 3717 966 3772 aeterna.
982 3704 1078 3770 VIII.
1093 3703 1230 3779 Deinde,
1246 3725 1266 3766 a

139 3835 202 3878 ver.
214 3820 288 3878 655.
300 3813 341 3878 ad
349 3836 412 3879 ver.
428 3816 500 3878 712.
511 3814 625 3880 refutat
636 3814 845 3894 Heraclitum,
856 3816 910 3903 qui
918 3817 1036 3905 ignem,
1046 3815 1193 3898 aliosque,
1209 3814 1264 3899 qui

139 3926 255 4004 niirem,
271 3947 396 4012 aquam,
414 3936 468 3990 aut
482 3937 611 4005 terram,
624 3948 730 3992 rerum
752 3927 892 3992 omnium
913 3927 1102 4012 principium
1116 3946 1181 3988 esse
1201 3935 1265 3990 ata·

139 4045 276 4102 tuerunt.
313 4035 376 4100 IX.
392 4035 478 4104 Tum
492 4061 512 4102 a
524 4059 588 4102 ver.
604 4039 677 4103 712.
693 4037 811 4102 adver.
828 4045 901 4102 829.
917 4049 1027 4102 contra
1041 4034 1264 4120 Empedoclem

140 4145 344 4227 demonstrat,
359 4170 408 4212 res
422 4169 487 4212 non
502 4149 648 4234 componi
663 4171 681 4212 e
695 4160 828 4235 quatuor
842 4147 1009 4214 elementis.
1047 4146 1094 4210 X.
1110 4147 1262 4226 Demum‚

143 4277 237 4323 aver.
254 4264 327 4324 829.
342 4257 459 4324 adver.
475 4265 548 4323 919.
571 4259 795 4348 Anaxagoram
809 4257 927 4324 refellit.
972 4257 1035 4323 XI.
1053 4257 1228 4336 Postremo,
1244 4281 1264 4322 a

141 4387 202 4434 ver.
218 4376 291 4435 919.
313 4369 431 4436 adver.
451 4373 542 4436 1050.
557 4370 661 4452 docet,
676 4373 855 4439 universum
876 4392 941 4440 esse
954 4370 1096 4458 exomni
1112 4379 1202 4456 parte
1216 4369 1264 4440 iu·
