2990 5002
263 878 728 984 TESTIMONIA
776 877 1146 984 VETERUM

438 1255 529 1342 DE
585 1255 961 1342 LUCRETIO.

615 1661 799 1696 -*

512 1975 569 2050 Μ.
597 1976 644 2050 Τ.
671 1975 883 2066 CICERO,

369 2189 419 2262 In
435 2187 587 2284 epistolis
603 2191 654 2262 ad
668 2189 713 2271 Q.
731 2189 909 2279 Fratrem,
926 2185 964 2260 ii.
986 2200 1042 2261 11.

138 2405 382 2506 Lucnnru
395 2440 551 2523 poemata,
573 2451 610 2506 ut
624 2440 742 2518 suuis,
765 2439 810 2504 m
825 2437 1015 2507 summum
1030 2437 1262 2506 mmmmm-

134 2564 233 2654 genii3
256 2561 364 2626 multae
378 2571 484 2627 tamen
498 2562 582 2626 artis.

170 2765 247 2829 Sunt,
264 2760 310 2833 qui
328 2760 474 2832 negationis
491 2759 646 2833 particulam
658 2782 708 2818 non
718 2773 780 2836 post
797 2763 884 2819 scribis
896 2760 1022 2828 inferunt,
1041 2760 1197 2832 singularem
1214 2777 1263 2832 per

138 2857 281 2923 audaciam,
293 2864 388 2910 contra
397 2855 524 2910 librorum
536 2855 693 2928 scriptorum
705 2857 798 2913 fidem:
819 2855 912 2912 eidem
924 2856 1007 2928 operi
1017 2855 1153 2910 Ciceronis
1160 2853 1263 2926 judicio

138 2951 328 3008 acerbissimam
339 2947 461 3019 injuriam
472 2947 608 3016 facientes,
620 2959 648 3005 et
659 2949 794 3020 ingenium
807 2949 926 3004 Lucretii
947 2948 1123 3026 deprimentes
1134 2947 1264 3020 malignis·

138 3046 207 3102 sime.
244 3041 383 3109 Nimirum,
401 3041 520 3113 opinioni
537 3041 607 3098 inter
618 3042 724 3098 critices
735 3051 853 3115 receptae
866 3041 1053 3098 disertissimus
1070 3052 1166 3115 togstoe
1177 3042 1263 3114 gentis

139 3141 233 3198 tacitus
254 3135 381 3202 occurris
407 3154 466 3208 quae
477 3135 590 3205 volebat,
601 3137 698 3208 ingenii
708 3138 761 3194 vim
775 3147 803 3192 et
815 3137 953 3194 artificium
980 3137 1110 3194 scribendi
1123 3136 1152 3194 in
1168 3139 1263 3196 eodem

137 3235 242 3292 homine
253 3229 384 3287 rarissime
395 3230 550 3287 consociari.
585 3231 656 3288 Hinc
667 3233 767 3306 pendet
775 3232 895 3300 Ovidius,
906 3234 974 3290 trist.
985 3232 1013 3289 ii.
1025 3243 1085 3290 424.

441 3414 662 3486 numussgem
673 3417 957 3484 muamus.

173 3596 225 3653 Sed
232 3615 318 3670 neque
330 3597 507 3653 acutissimam
519 3606 547 3651 et
555 3595 774 3668 elegantissimam
786 3596 937 3670 Tanaquilli
945 3596 1022 3651 Fabri
1033 3597 1220 3670 conjecturam,
1227 3597 1258 3650 li·

28 3723 30 3778 3
138 3700 173 3760 ta,
182 3691 240 3748 vice
250 3696 296 3758 ita,
312 3701 413 3748 temere
424 3701 518 3746 contra
529 3690 634 3748 codices
646 3691 768 3764 equidem
780 3693 937 3765 receperim:
957 3710 1018 3750 nam
1028 3692 1133 3764 vnlgmn
1144 3697 1207 3748 sunt
1217 3706 1260 3744 ae·

139 3797 225 3842 curate
236 3786 351 3860 propris,
363 3797 391 3840 et
403 3803 534 3842 connexa.

148 4019 152 4026 ,
172 3971 233 4025 Non
249 3968 336 4023 minus
347 3968 426 4039 igitur
437 3967 574 4025 Ciceronis
585 3966 676 4040 ipsius,
688 3985 766 4040 quam
779 3968 974 4037 Metellinum,
986 3951 1143 4023 sententium
1159 3963 1261 4024 favora-

142 4062 219 4119 bilem
237 4063 372 4131 habemns,
389 4062 446 4118 tum
458 4064 493 4117 de
510 4061 604 4117 nativis
616 4062 650 4117 ad
668 4062 866 4118 illuminandam
883 4062 977 4135 poesin
994 4061 1147 4116 Lucretinni
1163 4061 1261 4135 ingenii
1322 4111 1327 4128 ,

142 4157 287 4228 virtutibus,
305 4169 360 4216 tum
380 4159 413 4215 de
424 4149 518 4229 mugnis
536 4157 640 4216 solertis
661 4157 764 4218 artificii
774 4157 911 4231 pollentii,
930 4155 1054 4228 cultuque
1071 4156 1178 4214 dicendi
1188 4156 1261 4213 lime·

141 4250 212 4310 tiore.
