2990 5002
224 489 269 550 a
584 464 653 530 au
684 461 979 530 aserenan.

225 650 437 716 ostentationis
457 649 583 737 quidem
597 671 714 735 parvae,
737 649 790 724 sed
804 666 955 738 perquam
976 668 1163 726 aerumnosa,
1185 655 1217 711 et
1237 645 1352 712 multae

225 761 392 852 diligentiae
407 739 443 826 ab
458 763 631 841 industriae,
646 776 681 827 ut
695 761 829 826 rationes
843 761 906 847 ejus
921 759 963 826 ad
972 759 1124 847 liquidnm
1137 758 1355 845 perduceren-

226 883 289 951 tur,
306 887 337 938 et
350 873 452 960 aliquo
466 873 594 938 tandem
608 873 704 950 modo
718 884 895 948 constarent
909 871 977 938 sibi:
1001 871 1055 939 sed
1064 871 1134 936 haec
1142 870 1302 960 diligentia
1316 881 1357 937 et

224 983 386 1063 industria,
403 986 462 1050 nisi
471 985 568 1050 simile
581 986 741 1074 negotium
754 982 966 1072 firngentibus,
982 1005 1047 1047 non
1062 983 1286 1068 comparebunt
1300 995 1355 1050 ta-

225 1117 307 1160 men.
353 1095 417 1159 Pro
428 1095 531 1161 officio*
543 1097 691 1162 nimirum
704 1097 800 1162 habui
814 1097 945 1160 mrrltam
957 1105 990 1158 et
1002 1096 1158 1182 ingratam
1172 1115 1301 1179 operam
1315 1094 1358 1160 in

225 1187 285 1271 hac
298 1229 333 1270 re
346 1228 478 1290 ponere;
495 1208 559 1287 sed,
575 1209 668 1274 tantis
682 1208 818 1274 tenebris
831 1209 901 1272 haec
915 1217 982 1271 tota
995 1207 1075 1270 ratio
1089 1206 1228 1270 involuta
1241 1218 1298 1285 est,
1314 1217 1358 1271 ut

225 1317 332 1400 malim
346 1317 468 1382 lectoris
489 1320 531 1384 ad
544 1319 769 1407 indulgentiam
791 1319 970 1406 confugere,
993 1339 1088 1404 quam
1100 1328 1263 1382 censuram
1277 1339 1359 1402 pro-

225 1450 345 1492 vocare.
394 1429 525 1506 Quoties
547 1431 600 1495 fax
620 1431 775 1496 librorum
796 1432 982 1516 scriptorum
1004 1425 1082 1492 mibi
1102 1429 1300 1514 praeluceret,
1318 1431 1359 1493 in

224 1539 364 1625 plurimis
378 1539 464 1608 haud
478 1543 658 1619 dubitabam
680 1544 777 1630 sequi:
801 1543 855 1616 sed
869 1543 967 1610 multa
988 1553 1060 1606 sunt
1073 1541 1175 1608 adbuc
1196 1541 1230 1606 in
1244 1541 1305 1606 hac
1319 1563 1360 1606 re

224 1652 338 1717 rectius
352 1655 580 1734 constituenda,
604 1655 644 1730 de
659 1654 771 1742 quibus
785 1677 856 1718 meo
873 1654 993 1740 judicio
1014 1675 1124 1718 manus
1145 1652 1267 1738 trepida
1287 1675 1360 1718 non
1479 1715 1480 1720 ,

225 1787 300 1828 ausa
314 1775 360 1828 est
373 1765 594 1831 obsecundare.
639 1765 748 1841 Quum
757 1788 832 1830 vero
843 1765 1026 1833 sententiam
1037 1783 1140 1828 meam
1151 1765 1184 1828 in
1196 1785 1359 1830 commen·

224 1875 310 1940 tariis
325 1899 417 1962 super
430 1876 490 1942 hac
504 1876 712 1964 disputatione
727 1898 940 1962 saepenumero
954 1875 1203 1960 interposuerim,
1220 1897 1285 1939 non
1299 1897 1360 1939 ne-

226 2011 309 2054 cesse
319 1999 376 2067 est,
393 2000 429 2053 ut
441 1990 475 2052 in
484 1988 545 2054 hoc
559 1988 629 2054 loco
643 2000 765 2074 tempus
779 1999 892 2065 teram3
916 1987 1020 2074 itaque
1033 1985 1075 2050 ad
1088 1986 1149 2053 alia
1162 1997 1213 2050 me
1227 1987 1361 2052 mansfe-

225 2123 304 2179 ram,
320 2121 393 2165 cum
407 2111 438 2164 te
453 2099 494 2164 ad
509 2099 654 2162 Vossium
669 2098 908 2176 demandarem,
925 2097 965 2162 de
973 2097 1035 2162 hoc
1049 2075 1286 2185 orthographia
1297 2120 1360 2164 ue·

224 2213 311 2299 gotio
326 2211 400 2275 scite
414 2221 611 2286 statuentem,
626 2209 660 2272 in
675 2219 732 2273 art.
746 2231 880 2296 gratnm.
896 2208 916 2272 i.
932 2215 984 2271 43.
995 2209 1062 2274 init
1079 2220 1182 2296 atque,
1197 2220 1292 2294 prout
1305 2211 1359 2274 in-

225 2343 364 2408 genuum
385 2320 487 2384 virum
508 2321 608 2398 decet,
624 2342 857 2398 commonuero,
880 2342 977 2384 unam
991 2331 1022 2384 et
1036 2320 1164 2386 alteram
1185 2321 1358 2402 dictionem

227 2453 292 2496 esse
305 2431 339 2494 in
353 2419 461 2516 primis
473 2431 605 2519 plagulis
615 2431 714 2511 aliter,
725 2443 817 2518 atque
825 2434 859 2496 in
868 2432 1076 2518 sequentibus,
1092 2433 1253 2496 memorias
1266 2433 1358 2513 vitiu,

227 2543 386 2608 exaratam
390 2570 401 2620 3
421 2543 560 2630 quamvis
574 2541 723 2607 secundas
737 2554 840 2628 partes
855 2555 961 2631 ageret
971 2543 1131 2629 impendio
1145 2543 1275 2608 viriliter
1284 2565 1360 2629 per·

227 2655 358 2743 diligens
379 2655 534 2739 inspector
556 2637 736 2738 operarum3
760 2655 845 2738 cujus
860 2654 996 2718 acumini
1017 2676 1082 2718 non
1096 2655 1221 2742 paginae
1243 2653 1360 2721 solum·

227 2767 334 2844 modo,
351 2766 404 2830 sed
420 2765 696 2830 commentationes
717 2787 808 2844 meae,
824 2767 1037 2850 tempestivam
1060 2766 1220 2853 aliquoties
1241 2787 1360 2852 expur-

226 2880 385 2966 gationem
411 2877 533 2944 debent.
580 2875 668 2941 Nihil
690 2888 795 2956 autem
818 2876 1077 2946 dissimulandum
1100 2877 1201 2956 duxi,
1216 2877 1360 2964 quamvis

227 2989 278 3053 hae
292 2991 433 3056 minutiae
448 2988 573 3054 turbam
586 2987 737 3054 lectorum
758 2985 959 3075 probabiliter
980 2987 1155 3076 effugiturae
1169 2988 1359 3056 viderentur.

229 3080 380 3164 Libenter
394 3123 526 3184 sperem,
542 3083 716 3184 simplicem
724 3099 810 3164 hunc
824 3117 966 3178 errorum
976 3099 1222 3176 ‚leviuscnlorum
1236 3097 1360 3168 confes-

229 3211 348 3276 sionem
370 3209 498 3274 editioni
518 3231 597 3274 meae
612 3211 792 3289 convenire3
815 3210 863 3276 vel
875 3211 980 3297 plures
1002 3222 1033 3274 et
1048 3211 1208 3276 crassiores
1229 3211 1360 3276 fortasse

228 3323 391 3387 virtutibus
406 3321 468 3386 suis
482 3319 703 3407 redempturae,
726 3322 785 3386 nisi
799 3322 922 3408 parenti
943 3342 999 3396 suo
1013 3323 1145 3396 nimium
1164 3321 1357 3400 blandiatur,

229 3432 307 3496 nihil
322 3434 382 3496 suis
397 3432 512 3498 viribus
526 3433 678 3519 parcenti,
696 3435 779 3499 utin
792 3457 903 3501 manus
923 3434 1087 3500 hominum
1101 3456 1196 3523 quam
1210 3433 1358 3500 emenda·

230 3543 347 3608 tissima
360 3537 488 3608 veniret.

485 3765 533 3820 Nil
545 3767 670 3835 cumulat,
681 3768 818 3842 verbisque
830 3768 895 3824 nihil
906 3769 1003 3826 fiducia
1012 3771 1095 3826 celate

486 3859 580 3922 Fncati
591 3863 719 3920 sermonis
728 3882 806 3936 opem
817 3882 891 3921 mens
903 3865 1009 3921 conscia
1026 3864 1112 3920 landis

488 3954 633 4012 Abnuit-.
951 3949 954 3954 ⁴

274 4159 375 4228 Porro
388 4185 485 4248 quum
500 4162 680 4252 Virgilium,
701 4165 833 4250 po'e'ticae
847 4165 1079 4251 compositionis
1100 4164 1356 4232 artificem'abso·

230 4272 426 4351 lutissimum,
454 4273 618 4340 Lucretius
644 4287 760 4354 noster,
790 4278 918 4366 ingenio
945 4280 1108 4368 poetarum
1139 4279 1357 4368 Romanorum

231 4384 395 4463 maximus,
419 4384 491 4469 (nisi
505 4384 641 4454 fortassis
662 4387 754 4455 nnius
776 4387 818 4452 illi
833 4389 873 4454 de
886 4389 990 4475 <palmei
1006 4391 1119 4479 merito
1138 4387 1359 4456 contenderint
1478 4439 1479 4454 t
