2990 5002
196 541 199 548 .
231 481 277 552 xii
589 479 660 547 AD
692 473 992 544 LECTOREM.

278 665 404 730 obertu
416 663 563 749 Gybniru
581 661 728 728 uberibus
742 661 853 752 magis,
876 681 972 747 quam
986 671 1130 726 accurate
1143 661 1256 742 doctis,
1273 685 1370 730 com-

229 776 400 855 mentanda
415 775 519 840 indice
531 785 638 848 tamen
651 773 840 862 philologico
854 771 989 859 perutili,
1006 771 1189 838 Lucretium
1202 775 1370 842 instruxit.

231 896 257 934 ‘⁶
275 888 449 974 Scripturas
462 899 602 952 veterum
616 887 768 956 librorum
785 886 854 972 plus
876 906 970 971 quam
992 895 1064 950 octo
1086 907 1119 950 se
1142 885 1371 972 perpendisse”

225 1000 334 1084 jactat,
350 1011 381 1064 et
395 1011 521 1064 nactum
541 1020 606 1062 esse
629 1005 653 1039 “
667 1019 733 1062 non
747 1019 862 1082 paucas
884 993 1128 1074 emendationes,
1150 997 1312 1086 variosque
1327 1001 1369 1064 in

231 1119 255 1154 “
269 1113 398 1197 potitam
412 1123 553 1176 nostrum
563 1109 721 1187 lectiones,
737 1131 814 1196 quas
828 1108 876 1172 vir
890 1107 1084 1174 doctissimus
1099 1103 1249 1174 Ammius
1263 1093 1369 1176 Goldss

126 1223 128 1231 ’
231 1231 256 1266 “
271 1224 439 1307 ingramus,
454 1222 551 1288 bomo
566 1223 700 1312 Angius,
721 1244 763 1286 ex
785 1221 872 1286 fibris
897 1219 1025 1285 calamo
1041 1221 1174 1284 exaratis
1199 1221 1233 1284 in
1258 1223 1368 1308 pati-id

231 1343 255 1378 “
271 1333 327 1401 sun
338 1333 474 1398 studiose
484 1357 521 1399 oc
532 1334 638 1400 sedulo
647 1333 844 1422 collegerat,”
855 1332 902 1396 uti
915 1329 1058 1422 Gifaniirs
1069 1330 1265 1418 opinabatur.
1282 1333 1367 1400 Hoc

158 1440 160 1448 ’
229 1459 388 1532 utcunque
402 1446 452 1525 sit,
474 1447 582 1512 limato
590 1447 722 1533 judicio,
739 1445 805 1511 sine
819 1468 882 1533 quo
903 1443 1019 1510 frustra
1045 1444 1162 1509 Critice
1183 1457 1363 1526 exercetur,

229 1557 394 1623 destitutus
408 1557 459 1622 ille
472 1558 531 1636 vir,
547 1557 678 1646 diligens
700 1557 840 1644 quamvis
862 1567 894 1621 et
915 1555 1065 1635 eruditus,
1087 1577 1201 1642 parum
1215 1558 1363 1638 contidit,

229 1691 281 1734 me
294 1667 403 1736 saitem
412 1669 530 1754 judice,
553 1691 595 1735 ex
608 1692 671 1756 qno
694 1669 833 1736 Lucretii
854 1680 1019 1736 contextus
1040 1668 1233 1734 emendatior
1255 1693 1364 1736 evase-

228 1781 278 1847 rit.

274 2005 349 2070 Non
364 2007 441 2071 eiius
455 2017 526 2092 post
539 2005 598 2070 hos
612 2029 677 2071 esse
691 2005 813 2071 videtur
827 2003 941 2082 editor,
964 2003 1018 2091 qui
1039 2014 1223 2069 contextmn
1238 2004 1364 2070 Lucre-

228 2119 350 2212 tianum
365 2118 406 2182 ad
420 2117 516 2182 libros
528 2118 658 2202 scriptos
676 2117 826 2204 exegen't,
849 2125 964 2202 praeter
978 2117 1170 2196 Lambinmn,
1188 2117 1364 2182 Creecn'um

229 2240 411 2306 nostratem,
427 2240 460 2293 et
473 2227 725 2310 Havercompum.

274 2455 328 2520 De
342 2451 492 2517 Lucretio
505 2449 625 2536 primus
639 2447 726 2513 istius
740 2447 950 2514 triumviratirs
964 2449 1063 2514 doctis
1082 2451 1362 2518 animadversioni-

229 2566 288 2630 bus
300 2564 451 2652 praeclare
465 2561 669 2638 meritus'est3
692 2561 871 2624 Laudinum
884 2559 970 2624 dico:
990 2561 1048 2648 qui
1056 2585 1129 2628 usus
1138 2575 1194 2644 est,
1210 2576 1246 2630 ut
1260 2565 1362 2652 ipsius

228 2677 324 2743 verbe
336 2675 504 2763 proferam,
528 2682 552 2716 “
567 2674 601 2738 in
617 2671 765 2738 Lucretio
778 2673 981 2752 restituendo,
999 2674 1112 2739 Romae
1123 2676 1249 2762 quidem
1257 2677 1362 2742 tribus

230 2789 355 2854 “libris
371 2787 470 2854 MSS.
485 2809 550 2852 nno
565 2787 734 2864 Vatican03
758 2786 867 2865 altero,
889 2787 944 2874 qui
965 2786 1024 2852 fuit
1047 2788 1201 2854 Gabrielis
1225 2791 1357 2867 Fadrni3

157 2935 159 2944 v
228 2911 253 2945 ‘⁴
269 2903 372 2980 tertio,
386 2899 481 2987 quem
498 2901 604 2987 Scipio
620 2899 746 2964 Tertius
761 2899 984 2985 Neapolitanus
998 2900 1027 2965 ei
1041 2901 1240 2967 commodato
1254 2901 1355 2967 dedit:

229 3023 253 3057 “
270 3014 405 3078 Lutetiae
419 3013 493 3078 'vero
508 3013 642 3091 duobus,
658 3035 723 3078 uno
746 3011 956 3091 Memmian03
980 3014 1089 3091 altero,
1113 3013 1247 3082 Adriani
1269 3015 1356 3080 Tur-

229 3135 253 3168 “
269 3124 342 3189 nebi
356 3124 448 3202 libro,
462 3123 505 3188 ad
520 3123 739 3188 Bertinianum
753 3111 893 3186 codicem
917 3124 1149 3212 diligentissime
1172 3139 1204 3192 et
1226 3123 1354 3198 accura-

229 3247 252 3282 “
268 3237 384 3303 tissime
398 3255 495 3322 usque
509 3235 551 3302 od
565 3235 679 3302 librum
693 3247 818 3301 sextum
831 3233 985 3302 duntaxat
999 3241 1207 3324 comparato.'’

271 3461 427 3548 Equidem
441 3484 507 3527 non
521 3459 547 3527 is
561 3485 642 3541 snm,
658 3455 712 3550 qui
725 3459 827 3528 virum
841 3463 984 3552 ingenuis
1005 3457 1123 3528 artibus
1143 3466 1352 3550 penitiusim-¹

225 3575 349 3652 butum,
365 3583 396 3638 et
410 3571 598 3639 amatoribus
615 3573 752 3639 Lucretii
766 3571 991 3640 necessitudine
998 3571 1169 3641 multorum
1177 3577 1353 3644 officiorum

225 3685 500 3764 devinctissimum,
514 3686 591 3750 ndei
605 3685 793 3750 subiectioris
807 3681 947 3751 'libenter
972 3709 1114 3776 arguamz
1137 3689 1223 3754 nefas
1245 3702 1353 3756 tamen

224 3811 314 3878 esset,
330 3810 362 3863 et
371 3798 494 3862 crimen
504 3795 677 3883 pubiicum,
691 3797 895 3877 dissimulare,
907 3799 1005 3864 muita
1012 3799 1089 3864 mihi
1104 3801 1137 3864 in
1145 3801 1206 3866 hoc
1220 3823 1353 3868 munere

223 3909 424 4000 defimgendo
438 3909 617 3996 scrupulum
631 3931 723 3996 super
736 3909 796 3974 hac
810 3907 856 3988 re',
872 3931 968 3978 manu
983 3913 1102 3996 scriptis
1117 3913 1230 3979 scilicet
1243 3935 1351 3979 exem·

222 4023 360 4110 pluribus
375 4021 535 4101 Lambini,
550 4043 616 4086 non
628 4021 728 4086 levem
741 4019 894 4108 injecisse3
917 4023 951 4085 in
973 4045 1044 4109 quae
1058 4023 1186 4090 lectores
1199 4027 1282 4091 uitro
1296 4049 1350 4090 oc-

221 4133 400 4212 cursabunt,
411 4148 442 4200 et
449 4135 490 4200 de
500 4135 612 4223 quibus
620 4157 710 4200 suum
713 4134 879 4221 judicium,
891 4135 1040 4200 hactenus
1051 4137 1254 4217 submoniton
1266 4160 1350 4224 prae·

222 4247 334 4312 stiterit
346 4247 484 4335 integros
499 4247 680 4312 exercuisse:
703 4246 752 4312 res
766 4247 862 4337 igitur
876 4273 896 4314 a
909 4271 961 4312 me
981 4247 1165 4335 relinquitur
1178 4250 1210 4313 in
1233 4250 1348 4316 modio.

224 4359 301 4431 Hoc
315 4360 432 4424 interea
446 4359 486 4425 de
500 4358 594 4444 plano
608 4359 709 4427 nuilus
723 4359 929 4427 dubitaverim
943 4360 1109 4443 affinnare,
1125 4384 1176 4426 me
1189 4363 1347 4428 neminem
1425 4449 1427 4457 Α
