2990 5002
476 506 547 578 AD
580 503 879 576 LECTOREM.
1203 507 1239 576 xi

117 692 324 784 expungendo
341 691 522 771 cinthius?
544 694 685 774 memini,
711 716 763 760 me
785 715 852 760 non
864 694 926 761 nisi
942 713 1057 780 peuces
1070 691 1234 779 scripture

117 806 334 893 discrepantius
355 806 607 894 deprehendisse,
630 807 750 894 quoties
778 829 884 894 opcroe
913 806 1051 893 pretium
1074 804 1239 873 habuerim
1356 827 1365 840 ·

116 941 182 984 eum
193 941 384 1008 componere
398 941 470 986 cum
483 919 546 986 hec
559 918 693 986 Aldind:
716 944 793 1009 quss
806 920 923 1007 puriter
935 918 1037 997 nihili,
1059 918 1086 984 si
1100 919 1240 984 criticam

115 1031 366 1100 commoditatem
380 1043 509 1120 meotes,
523 1031 679 1104 feriendus
687 1043 774 1118 puto.
801 1021 971 1118 Exernplsr
984 1033 1155 1108 demutor,
1165 1031 1241 1096 suni

115 1141 275 1212 MRXI.
305 1143 392 1231 qnod
412 1156 590 1210 memorent
612 1143 852 1231 Hsvercsmpus
877 1155 910 1211 et
936 1143 1109 1221 Fabricius,
1136 1143 1242 1208 nescio

113 1279 204 1343 quem
218 1256 262 1322 ob
277 1256 431 1322 ustionem
444 1255 485 1322 nd
499 1255 585 1322 hunc
599 1277 718 1322 sunum
739 1255 916 1334 referentes,
931 1256 1084 1343 ipsissima
1105 1267 1152 1321 est
1171 1253 1242 1319 hoec

113 1369 219 1449 editio,
235 1369 277 1436 de
291 1368 353 1456 quir
367 1369 494 1457 loquor,
510 1380 553 1450 et,
569 1391 642 1435 cum
656 1367 775 1434 Aldine
788 1367 953 1448 consimili,
968 1391 1020 1434 me
1033 1387 1243 1455 possessorem

113 1479 216 1550 habes.

156 1706 295 1785 Interes,
322 1727 396 1773 cum
421 1727 539 1794 magno
564 1704 862 1772 commentariorum
887 1715 1051 1792 apparatu,
1079 1701 1245 1768 Lucretius

113 1818 275 1904 prodierat
297 1826 321 1860 “
335 1819 496 1894 Bmmiae,
512 1837 554 1881 ex
569 1817 737 1904 ergasterio
751 1818 937 1902 Hieronymi
956 1816 1111 1899 Baptista
1132 1816 1170 1878 de
1183 1815 1246 1878 Be·

114 1935 139 1972 “
152 1931 281 1995 nedt'ctis
289 1930 445 1993 Platonici
453 1928 665 2004 Bononiensis,
677 1949 697 1989 s
706 1928 827 1992 Joanne
834 1925 981 2007 Baptistd
995 1928 1058 1988 Pio
1068 1924 1181 2002 editus,
1191 1946 1248 1988 en·

114 2048 139 2086 “
153 2063 199 2108 no
215 2040 350 2106 Domini
365 2036 526 2104 M.D.XI.
540 2034 602 2098 kat
618 2033 728 2099 Maiit’
751 2033 850 2120 Opes,
866 2055 937 2120 quae
952 2033 1010 2100 sibi
1023 2033 1065 2100 ed
1079 2034 1248 2100 emeudmr.

112 2151 196 2217 dum
211 2149 353 2216 Lucretii
370 2167 496 2214 carmen
510 2155 733 2232 competerent,
750 2146 826 2212 Pius
839 2145 969 2232 ipsemet
992 2146 1036 2212 sie
1058 2150 1247 2234 percensuit:
1355 2199 1361 2212 .

117 2270 143 2304 “
162 2261 373 2338 Contuiimus,
397 2281 461 2324 non
485 2259 551 2324 sine
575 2259 724 2324 eenrmnis
746 2258 919 2348 vigiliisque
943 2259 1083 2340 diutinis,
1107 2260 1248 2328 codicem

116 2379 142 2416 ‘⁶
159 2372 276 2438 Veneti
291 2371 468 2450 Hermolui,
484 2382 516 2435 et
531 2369 688 2456 Pomponi
705 2370 859 2448 Romanis
883 2371 1085 2459 codicemque
1098 2395 1164 2436 non
1179 2395 1248 2437 om·

116 2492 140 2582 f‘
156 2485 235 2552 nino
248 2483 377 2563 mulum,
393 2484 447 2571 qui
461 2495 600 2550 servatur
611 2482 767 2562 Mentuse,
776 2483 812 2548 in
824 2481 1012 2550 bibliotheci
1025 2484 1162 2572 quedem
1176 2485 1250 2550 sub-

119 2604 143 2639 “
157 2595 292 2676 urbani,
315 2597 371 2684 qui
392 2594 452 2662 iirit
473 2596 532 2660 viri
552 2618 619 2662 non
640 2596 770 2674 indocti,
793 2596 894 2685 gentis
916 2596 1092 2664 clerissirnoe
1115 2598 1250 2664 Str-otio-

120 2714 145 2751 “
158 2731 241 2776 rum.
279 2709 355 2776 Non
364 2706 463 2774 defuit
475 2707 613 2795 Philippi
623 2708 781 2788 Berouidi,
791 2711 993 2796 praecepmris
1004 2709 1165 2796 quondum
1173 2709 1248 2788 mei,

121 2826 145 2864 “
159 2843 247 2890 nunc
261 2821 398 2909 ooliegoe,
413 2822 580 2908 impressus
594 2822 731 2908 quidem,
747 2822 803 2887 sed
824 2834 931 2888 temen
955 2843 1107 2908 perpense
1132 2821 1250 2886 exemi-

123 2939 146 2974 “
156 2943 262 3000 murs:
294 2932 393 2998 Codri
416 2956 552 3020 quoque,
581 2934 776 3022 gramnmtici
798 2933 1021 3010 Bononiensis;
1045 2933 1131 3017 cujus
1161 2933 1252 3017 copis

125 3051 147 3088 “
160 3044 241 3110 mihi
254 3065 312 3130 per
326 3043 584 3112 Bmtholomeum
599 3043 821 3122 Bisnchinum
836 3044 939 3109 virum
953 3042 1067 3131 eloquii
1080 3043 1251 3110 excrdtissi·

124 3163 147 3198 “
160 3157 219 3234 mi,
234 3155 316 3224 fecte
330 3166 388 3222 est:
405 3155 595 3243 Marullique
607 3159 711 3243 po'e'tae
724 3154 877 3222 industrii
884 3155 964 3222 miri
975 3156 1170 3248 castigatum,
1185 3179 1251 3224 uon

124 3275 147 3309 “
161 3267 262 3334 defuit
276 3269 445 3356 exemplar,
469 3269 596 3348 Severo,
616 3267 757 3336 Monaeo
772 3269 966 3346 Placentino,
982 3291 1085 3357 groece
1097 3269 1253 3356 latineque

126 3386 148 3422 “
158 3379 323 3468 perdocto,
340 3377 508 3444 Musarum
528 3378 654 3458 athleti,
666 3402 731 3444 non
744 3381 898 3468 gravatim
912 3377 1070 3444 offerente.
1115 3379 1169 3445 Ex
1183 3381 1252 3470 qui·

126 3499 149 3536 “
159 3493 231 3572 bus,
247 3491 337 3556 sicuti
349 3491 474 3569 Zeuxis,
490 3505 531 3557 ex
541 3501 675 3576 quotuor
689 3491 816 3562 diversis
830 3490 1024 3577 corporibus,
1039 3513 1148 3572 unam,
1164 3503 1206 3574 et,
1216 3503 1253 3560 ut

128 3611 151 3646 ‘⁸
166 3604 316 3681 arbitror,
331 3603 576 3692 integerrimam,
590 3602 724 3672 formam
735 3601 884 3670 Lucretio
894 3605 1122 3691 prestitimus?

168 3716 310 3802 Optimus
330 3715 427 3804 frugis
440 3714 510 3784 haeo
530 3724 577 3782 est
597 3714 704 3795 editio,
726 3727 759 3782 et
772 3715 862 3782 nobis
883 3739 940 3802 per
952 3716 1162 3784 fidelissimam
1183 3715 1252 3780 diii·

130 3828 267 3914 gentiam
290 3837 432 3895 tractatu:
457 3849 516 3897 nec
527 3827 710 3894 addubitem
733 3829 1003 3908 cenomanorum
1029 3826 1252 3912 exemplarium

130 3939 312 4006 testimoniis
328 3939 477 4018 devictus,
500 3940 576 4027 quin
590 3939 666 4008 Pius
681 3939 722 4008 ed
736 3941 911 4022 arbitrium,
934 3965 992 4008 nec
1006 3926 1172 4006 admonitis
1191 3939 1254 4006 leo-

132 4050 261 4130 torrbus,
275 4053 378 4138 poete
389 4063 571 4120 contextum
583 4052 776 4140 plurifarium
783 4055 1006 4131 immutaverim
1030 4051 1253 4146 et,snievibus

132 4161 171 4228 de
184 4162 297 4234 ceussis
310 4164 394 4231 hene
407 4167 592 4235 seutentiam
605 4167 810 4236 inimiciorem
824 4167 1041 4254 pronuntiem,
1056 4187 1151 4254 penes
1165 4164 1253 4246 elios,

134 4275 271 4359 perlectis
285 4276 429 4346 omnibus
443 4301 481 4348 ec
493 4280 663 4366 perpensis,
680 4281 720 4348 sit
728 4279 892 4367 judicium.
