3042 4994
232 399 302 463 1⁹2
592 387 652 498 [Τ.
691 389 980 468 LUCRETII

337 589 429 667 Sunt,
447 609 518 675 quae
532 603 717 661 conservent
731 602 877 658 nebrrmn
892 611 1015 677 semper
1029 589 1182 671 eamdem,

236 729 240 736 ¹
342 701 487 776 Quorum
502 700 600 779 abitu,
616 714 670 767 sut
685 702 784 781 aditu,
799 715 983 790 mutatoque
996 705 1119 782 ordine,
1134 715 1258 770 mutent

341 811 495 877 Naturam
510 834 570 892 res,
587 826 618 879 et
635 827 823 881 convortunt
837 837 969 901 corpora
984 839 1061 895 sese3

250 931 314 988 680
337 924 428 990 Scire·
437 925 519 1002 licet,
535 945 601 990 non
617 944 681 994 esse
695 927 765 992 haec
780 929 873 1016 ignea
887 949 1021 1014 corpora
1034 951 1150 994 rerum.

339 1035 428 1100 Nihil
441 1036 569 1101 referret
584 1038 680 1117 enim,
697 1038 843 1126 quaedam
858 1038 1019 1118 decedere,
1035 1041 1132 1116 abire,

335 1148 441 1235 Atque
454 1149 516 1214 alio
530 1151 679 1230 adtribui,
700 1153 878 1240 mutarique
889 1152 1011 1230 ordine,
1028 1152 1185 1239 quaedem,

337 1260 372 1324 si
387 1271 491 1326 tamen
505 1263 627 1327 ardoris
643 1275 788 1330 naturam
802 1278 916 1330 cuncta
930 1275 1083 1330 tenerent:

334 1370 422 1459 Ignis
436 1374 521 1440 enim
534 1373 614 1439 foret
628 1377 828 1455 omnimodis,
845 1377 1091 1464 quodquomque
1106 1385 1234 1440 crearet.

223 1627 359 1678 aimeidem
370 1631 525 1682 Burmannus
537 1634 656 1695 exposuit3
673 1634 713 1682 cui
724 1634 778 1682 laus
808 1633 840 1682 ad
857 1631 925 1682 Statii
936 1632 1012 1680 Theb
1028 1647 1049 1680 v.
1067 1637 1123 1680 208.
1142 1629 1168 1678 in
1187 1630 1268 1680 codice
1286 1633 1360 1684 seculi

225 1708 304 1756 omnis
314 1707 495 1771 elegentissime
505 1711 659 1760 restitutionis
669 1709 777 1760 deferen-
809 1710 848 1758 xii
871 1725 944 1774 quem
966 1709 1015 1770 ipse
1037 1709 1114 1756 oculis
1131 1710 1252 1771 usurpavi,
1270 1726 1314 1771 pro
1331 1715 1359 1760 iu

225 1784 307 1835 deest.
342 1787 431 1850 Vulgo,
443 1791 561 1850 delapsus:
580 1799 605 1837 et
615 1791 688 1850 probo
694 1800 776 1852 portas
809 1793 875 1850 mole,
896 1789 987 1850 scripsit
1007 1791 1104 1838 immola.
1139 1787 1200 1836 Sunt
1217 1789 1307 1836 interea
1328 1789 1362 1840 d·

224 1864 338 1926 Bentleii,
354 1874 381 1914 ut
391 1866 442 1927 ipse
452 1877 535 1927 sponte
546 1883 703 1916 correxerems
721 1883 775 1931 poa-
808 1870 853 1916 hoc
868 1883 957 1932 genere
973 1867 1074 1915 infinita.
1107 1867 1224 1915 Nondum
1240 1869 1310 1918 nobis
1327 1869 1361 1918 de

224 1951 263 1992 tus
274 1945 350 1992 tenori
362 1945 476 1992 orationis
486 1961 536 1994 non
546 1945 657 1994 concinit.
808 1950 852 1995 hac
873 1947 989 2010 scripturi
1011 1963 1150 2010 persuasum
1167 1956 1218 1996 eret
1236 1949 1262 1995 in
1283 1948 1362 2009 operis

258 2019 314 2080 Ver.
324 2026 379 2068 682.
396 2025 456 2070 olio:
475 2022 508 2070 sic
523 2023 552 2070 P.
565 2022 637 2072 de
650 2025 682 2072 V.
695 2023 731 2072 cd.
746 2025 774 2073 1.
807 2026 887 2086 initio;
908 2027 973 2076 unde
991 2027 1023 2076 ad
1041 2043 1099 2074 verr.
1118 2032 1158 2086 21,
1177 2033 1216 2076 30.
1233 2027 1362 2076 infeliciter

182 2113 187 2118 ·
225 2098 262 2146 M.
275 2107 303 2146 Δ.
315 2108 346 2146 n.
357 2099 438 2164 vulgo,
455 2103 518 2148 clia:
536 2115 566 2148 ex
576 2101 719 2148 correctione
734 2115 775 2148 cu-
800 2106 1093 2170 ,obtinetpraecedentium
1105 2105 1224 2153 editorum
1234 2121 1292 2154 mos

221 2177 318 2240 jusdam
337 2177 453 2240 majorem
471 2179 662 2239 perspicuitatem
684 2179 776 2228 efficere
841 2185 898 2233 Ver.
909 2191 964 2234 688.
981 2187 1102 2233 similata.-
1120 2185 1153 2232 sic
1165 2185 1192 2232 P.
1202 2183 1231 2232 V.
1244 2183 1280 2232 ed.
1291 2185 1320 2232 R
1333 2193 1361 2234 Σ.

226 2255 353 2313 *ludmila
371 2255 412 2302 8θᾶ
428 2256 562 2304 l¹¹⁰⁰¹¹⁵ult⁰
577 2267 648 2320 alque
658 2257 775 2306 infructu·
808 2273 832 2313 et
839 2265 977 2314 collationes
985 2264 1139 2322 Heinsisnae;
1153 2263 1361 2327 sdenfiquiorem,

225 2347 272 2380 ose·
305 2334 360 2378 Alio
378 2334 496 2380 adtribui:
520 2334 567 2382 ie·
585 2334 639 2381 “in
658 2333 777 2382 &1101000
807 2353 836 2391 ut
846 2343 945 2392 arbitrer
961 2357 1027 2400 sone,
1046 2357 1130 2398 usum;
1148 2341 1248 2404 ideoque
1259 2343 1363 2406 vulgate

226 2414 292 2456 “res
305 2409 369 2467 eddi,
383 2410 442 2457 dum
459 2426 488 2458 ex
505 2411 551 2458 clio
562 2411 690 2460 decedunt:
710 2414 777 2462 etita
808 2421 955 2485 reliquorum
976 2419 1060 2466 forme
1087 2419 1197 2466 simulato
1220 2434 1360 2480 preponen-

167 2552 172 2562 .
194 2535 199 2544 ,
227 2490 347 2539 “scilicet
367 2491 487 2554 utrinque,
515 2491 606 2540 vicibus
629 2494 775 2554 pennutstia,
808 2497 868 2546 dum
878 2496 1045 2545 duxi-orta:
1063 2495 1091 2542 P.
1103 2493 1176 2542 vind.
1189 2494 1220 2542 V.
1231 2495 1269 2543 ed.
1281 2505 1313 2544 11.
1326 2507 1361 2546 n.

227 2568 319 2628 “fieri3
342 2569 398 2618 hinc
417 2571 492 2618 auctis
503 2573 581 2628 rebus,
599 2571 666 2620 illinc
684 2573 776 2622 decres-
808 2577 859 2623 olli.
894 2573 933 2622 Sic
947 2581 1028 2620 sutem
1043 2570 1201 2633 loquebamur
1216 2582 1313 2630 ceteras,
1333 2583 1363 2624 ut

227 2647 384 2696 “centibus”
430 2649 492 2705 Quae
513 2649 617 2697 dilucida
636 2650 692 2698 satis
710 2660 776 2708 sunt,
810 2653 917 2708 Plautus,
929 2650 1125 2699 Trucii.2·.58.

226 2735 251 2774 et
270 2727 382 2775 orationis
397 2726 492 2776 solertii
506 2727 602 2792 longius
618 2737 684 2776 extre
694 2729 777 2794 vulga·
832 2763 890 2808 stane
898 2765 1008 2808 erubuisti?
1021 2767 1078 2816 quasi

225 2821 277 2854 rem
288 2821 359 2852 usum
372 2804 454 2866 positi.

212 2881 219 2894 ‘
258 2883 314 2932 Ver.
325 2888 380 2932 685.
396 2893 488 2932 tomen:
509 2883 536 2933 P.
549 2884 579 2932 V.
597 2884 634 2938 ed.
653 2885 684 2932 Ο.
700 2891 726 2932 Δ.
744 2892 776 2932 11.

225 2972 330 3020 tanturn
348 2963 368 3034 si
384 2963 442 3025 quid
456 2961 556 3020 videam,
576 2962 641 3011 baud
660 2963 773 3011 deterius:
836 2962 893 3010 Ver.
900 2967 956 3012 689.
966 2965 1012 3010 rei:
1026 2963 1059 3010 sic
1067 2961 1095 3010 P.
1101 2961 1210 3011 VinclV.
1220 2963 1256 3011 ed.
1265 2961 1363 3013 etcodd.

1086 2776 1135 2808 vero
1147 2768 1228 2818 corpori
1235 2768 1338 2818 reliqueris

832 2845 881 2884 'ruo
889 2847 1012 2894 potestatem
1020 2843 1086 2884 colaris
1094 2841 1129 2882 clii
1137 2843 1237 2894 capiendi,
1245 2845 1312 2886 malet

225 3041 334 3088 ardorem
342 3040 432 3088 scilicet
442 3041 619 3100 tantummod03
633 3041 694 3088 nibil
704 3041 777 3089 aliud.
808 3040 894 3090 nostri:
912 3039 986 3103 vulgo
996 3039 1122 3103 geminant
1140 3039 1241 3096 literam,
1259 3040 1363 3088 scriben-

224 3121 363 3166 —ordorin
385 3119 416 3166 G.
432 3119 468 3168 M.
484 3122 728 3168 arboris-terrerent:
747 3118 776 3166 Β.
809 3125 844 3164 tes
854 3120 912 3174 reid,
930 3115 1026 3180 qualem
1036 3117 1177 3178 scripturam
1194 3117 1219 3165 in
1233 3117 1314 3176 nullis,
1333 3132 1362 3166 o·

225 3205 321 3244 teneret.
810 3195 888 3256 pinor,
907 3193 974 3241 libris
990 3194 1088 3241 vetustis
1105 3194 1228 3243 collatores
1242 3194 1362 3244 invenere.
1408 3248 1413 3257 Ι

258 3274 316 3322 Ver.
335 3278 390 3322 684.
407 3277 557 3322 omnimodis:
581 3274 609 3321 P.
626 3275 777 3322 omnimodus.
809 3273 924 3332 -posriu
944 3271 973 3320 P.
984 3270 1017 3318 V.
1028 3271 1065 3318 ed.
1072 3281 1156 3333 posset.

225 3361 359 3400 -creareh
383 3351 453 3399 ordor
469 3352 567 3400 seilicet:
593 3352 627 3398 ita
643 3351 670 3400 P.
686 3349 716 3398 V.
735 3350 773 3398 ed.
843 3348 899 3396 Ver.
910 3354 966 3398 690.
982 3349 1089 3412 adjectu:
1109 3348 1182 3399 Vind.
1194 3348 1224 3399 V.
1235 3347 1273 3396 ed.
1286 3358 1314 3400 Δ.
1326 3357 1360 3397 Π.

225 3427 255 3474 B.
267 3427 294 3474 L.
306 3427 342 3474 M.
355 3436 386 3474 n.
403 3443 447 3474 nec
458 3444 565 3477 neumam
575 3428 644 3477 video
654 3428 775 3491 rejiciendi
808 3433 834 3473 et
845 3433 872 3474 Σ.
884 3425 972 3487 qp'ectm
992 3425 1023 3473 Ο.
1037 3426 1149 3488 (portum.

225 3502 352 3550 lectionem
364 3504 397 3551 sic
407 3504 533 3554 firnntam.
562 3505 653 3568 Vulgo,
663 3515 775 3554 cruorem.
843 3502 1017 3566 lbidodjectu.
1050 3502 1107 3550 Hoc
1121 3502 1266 3551 substantivo
1278 3501 1361 3551 Vitru-

259 3579 314 3628 Ver.
326 3585 381 3628 685.
398 3585 432 3628 ita
447 3592 479 3630 est
487 3604 494 3629 :
514 3584 600 3630 absunt
612 3591 643 3631 n.
654 3591 678 3629 et
688 3583 715 3629 in
725 3597 777 3630 ver.
808 3578 861 3626 vius
868 3595 927 3627 usus
937 3587 982 3639 est,
991 3579 1022 3628 ir.
1030 3584 1105 3630 tte-‘¹
1116 3595 1218 3643 quarum
1228 3579 1361 3636 brevitates,

225 3674 254 3708 au
264 3657 371 3718 proxime
383 3658 502 3719 veniente,
513 3661 602 3720 prebet
613 3669 648 3708 n.
661 3668 731 3709 moto.
809 3661 826 3686 “
838 3666 880 3704 aut
890 3657 1037 3716 mistiae,
1048 3672 1180 3705 cuneorum
1191 3659 1303 3720 adjectos,
1319 3663 1362 3704 aut

264 3736 321 3784 Ver.
341 3739 397 3784 687.
420 3738 548 3802 Ecficiunt.
584 3737 623 3786 its
644 3738 776 3800 scribimus,
810 3740 828 3766 “
840 3745 973 3797 exemptus,
990 3735 1016 3783 in
1027 3735 1128 3800 singulis
1139 3735 1223 3786 diebus
1238 3733 1360 3784 etmensi·

225 3825 261 3874 ut,
279 3815 304 3864 in
319 3821 438 3878 quantum
455 3813 505 3862 fieri
515 3814 596 3876 possit,
614 3824 638 3863 et
648 3817 778 3878 proprietas
811 3817 827 3843 “
838 3814 892 3870 bus,
904 3814 1016 3874 perficere
1026 3813 1115 3877 cogit?

224 3895 336 3954 patietur,
345 3892 520 3953 nobismetipsis
525 3908 570 3940 nos
576 3901 720 3941 constemus:
730 3891 778 3942 illis
843 3891 902 3940 Ver.
913 3897 968 3942 691.
981 3909 1051 3955 porro
1062 3895 1151 3954 ignem:
1171 3896 1198 3940 Δ.
1208 3892 1273 3953 sique
1281 3905 1362 3952 neque.

224 3978 314 4028 autern,
336 3970 423 4034 quibus
445 3986 494 4018 non
514 3986 559 4018 usu
578 3969 679 4033 contigit
699 3986 775 4018 mem-
809 3971 934 4033 -r'grrem
947 3971 1114 4033 V.ed.seqci,·
1132 3971 1194 4018 B.ri
1204 3985 1268 4032 quoe,·
1287 3965 1361 4017 vind.

141 4051 154 4066 “
224 4049 309 4098 branae
328 4060 417 4098 veteres
437 4049 536 4106 trivisse,
555 4065 618 4112 tegre
636 4062 776 4111 persuasum
808 4053 884 4112 sique,·
915 4057 947 4096 n.
964 4052 986 4098 εἰ
1003 4065 1086 4106 rrrrrrru,¹
1113 4054 1139 4098 Σ.
1158 4049 1180 4096 sr‘
1201 4053 1359 4110 quem-hren·

224 4124 292 4179 soret,
313 4139 385 4185 quam
401 4125 446 4174 sibi
456 4125 501 4187 ipsi
512 4126 594 4174 scribae
606 4125 775 4186 contradicent,
809 4125 880 4174 Vind
892 4125 922 4174 V.
934 4125 971 4174 ed.
982 4127 1011 4176 B.
1021 4143 1069 4176 rem
1079 4141 1201 4174 res-esse
1212 4116 1278 4171 ebe'st
1285 4120 1360 4170 de.

225 4209 249 4248 et
265 4200 409 4270 entiquiores
424 4202 539 4252 formulas
555 4203 634 4252 snrdio
650 4203 717 4267 quasi
733 4207 775 4252 ob-
809 4205 840 4253 V.
851 4203 886 4252 ed.
904 4205 933 4252 B.
950 4210 979 4252 A.
990 4213 1022 4253 11.
1034 4211 1060 4254 Σ.
1094 4203 1161 4259 Quid
1179 4202 1224 4252 sibi
1242 4200 1362 4249 voluerint

225 4277 376 4327 literaverint.
409 4280 522 4342 Exempli
532 4281 618 4344 pretii,
629 4289 657 4330 ut
667 4280 776 4332 librarius
808 4281 986 4337 bornicum,
1002 4279 1124 4329 nunciare
1134 4279 1217 4340 video;
1234 4277 1361 4328 etinutilis

223 4355 318 4406 literam
328 4357 499 4417 propositionis
515 4358 612 4408 flnalem
626 4358 657 4409 ad
668 4358 776 4408 vocabuli
808 4368 869 4408 esset
878 4359 973 4418 loboris,
984 4368 1054 4422 atqtre
1065 4357 1139 4406 etiarn
1146 4357 1304 4416 incertissimi‚
1315 4356 1360 4404 sli-

222 4437 376 4498 prrecedentis
391 4438 494 4500 ρήωω
510 4440 634 4490 commode
648 4439 775 4499 emolliret,
808 4435 848 4486 cui
867 4435 1020 4486 extundendo
1038 4435 1160 4498 insudare,
1182 4451 1239 4486 curn
1257 4433 1361 4498 vulgata
