3018 4984
474 371 652 446 nrnnn
689 368 1001 448 suounnus.
1165 321 1170 332 ’
1230 387 1302 448 285

276 597 384 683 Pepla,
407 617 490 660 noro
504 616 610 659 rerum
625 595 898 680 superataeolore,
917 587 1068 682 jacerent:

277 711 483 795 Contemptus
498 707 591 772 sudos
607 727 753 792 smyrnae,
776 707 935 794 mellisque
950 730 1090 794 sapores3

150 960 211 1007 cap.
224 947 264 994 ⁵5.
275 943 405 1006 proposits;
422 944 473 1004 ubi,
489 959 544 1008 qum
562 947 622 993 beue
638 945 716 992 multa
749 952 776 996 Σ.
794 947 840 994 Sed
858 963 927 996 noua:
950 945 1016 994 unde
1035 959 1091 994 sane
1114 945 1146 994 ob
1163 943 1299 996 similitudi-

150 1022 302 1084 interpretes
323 1037 473 1084 congessere,¹
494 1023 526 1070 ad
546 1022 716 1070 illustrandum
748 1037 804 1072 nem
821 1026 843 1074 ct
862 1045 894 1087 sn
913 1027 936 1081 d,
955 1022 1060 1086 vulgaris
1081 1021 1200 1070 editorum
1221 1023 1299 1082 lertio,

150 1098 303 1158 Lucretium
319 1099 413 1162 egregie
423 1099 518 1147 facient.
550 1100 668 1162 Loquitur
678 1100 715 1146 ni-
747 1102 812 1148 Sedu
823 1101 919 1158 scilicet,
935 1099 990 1148 aliis
1007 1115 1056 1146 non
1076 1101 1230 1157 obstantibus,
1247 1117 1299 1162 spe·

150 1175 251 1224 mirum
267 1191 309 1236 per
332 1191 429 1223 ornnem
446 1177 526 1225 locum
546 1177 622 1224 Carus
639 1185 717 1223 noster
748 1177 809 1226 ciem
820 1179 926 1226 heberet:
945 1175 1132 1225 emendatissimi
1148 1177 1241 1226 codices
1258 1179 1298 1226 Pii

152 1252 187 1300 de
200 1254 274 1300 rebus
284 1252 436 1311 inanimatio
454 1253 520 1301 unde
530 1254 714 1316 virentiumpa-
740 1256 815 1316 deut,
832 1259 914 1306 Sedulo
924 1273 986 1318 quoe:
1005 1255 1169 1316 descripturi
1179 1258 1298 1304 membra·

155 1345 253 1378 vonum
272 1331 363 1378 mentio
380 1332 545 1392 intempestive
566 1333 670 1380 maxime
690 1342 714 1380 et
748 1348 834 1380 nerum
844 1334 873 1381 L.
885 1334 923 1382 M.
933 1332 961 1379 in
972 1333 1018 1380 hoe
1029 1332 1091 1392 loco,
1102 1340 1131 1379 ut
1141 1333 1166 1379 in
1178 1331 1299 1382 aliisbene
1358 1343 1367 1361 ·

140 1408 316 1476 ,arpennum
340 1408 406 1456 haud
427 1409 516 1471 injuriis
537 1410 612 1458 videri
633 1411 714 1472 possit.
746 1411 836 1468 multis,
853 1427 937 1474 parum
951 1411 1049 1474 'liquido
1067 1419 1170 1472 constat;
1196 1421 1221 1460 et
1241 1429 1299 1460 saue

155 1485 219 1535 Jam
229 1501 286 1533 vero
294 1499 323 1532 ex
333 1485 447 1534 universis
456 1486 591 1536 Latinitatis
599 1489 715 1536 thesauris
747 1491 937 1552 Hsveroampus,
954 1491 993 1539 eui
1002 1489 1061 1538 liber
1072 1506 1129 1540 usus
1139 1491 1227 1538 borum
1238 1491 1299 1553 opti·

154 1563 302 1612 vocabulum
323 1563 506 1627 magnificentia
526 1567 641 1614 sermonis
662 1567 712 1614 Lu·
746 1567 1020 1628 morumexemplerium
1027 1569 1174 1628 suppetebat,
1186 1567 1298 1628 petione-

156 1643 260 1691 cretiani
286 1653 358 1706 etque
385 1644 516 1692 amoenitati
546 1644 714 1707 sdjuncterum
746 1643 1192 1692 torienimisoffieiosuofunctusast.
1212 1644 1298 1706 Ipsum

155 1719 282 1779 phrasium
298 1721 500 1769 accommodatius
517 1722 562 1768 hac
575 1720 711 1784 conjecturd
743 1738 783 1770 me
794 1723 866 1772 etiarn
877 1725 987 1772 nonnihil
997 1723 1099 1772 subinde
1109 1724 1188 1784 culpo,
1203 1725 1299 1786 quisli-

154 1814 230 1846 nemo
240 1798 418 1862 deprompserit.
446 1801 558 1848 Isidorus
575 1801 650 1866 orlgg.
663 1801 710 1850 xix.
743 1799 835 1862 qrrou'es
853 1805 1004 1850 membranas
1027 1811 1062 1849 st.
1080 1799 1243 1862 negligentius
1259 1802 1297 1848 in·

155 1881 195 1926 25.
214 1885 230 1906 ‘¹
242 1880 349 1939 Peplum,
358 1877 488 1924 matronale
496 1877 605 1937 pallium,
616 1881 710 1938 erpur·
744 1877 872 1937 spexerim3
897 1878 939 1926 sed
961 1878 1078 1926 recentior
1098 1878 1118 1924 is
1139 1876 1201 1924 forte
1228 1875 1297 1938 liber,

157 1953 250 2016 “puri
271 1954 406 2017 signatum
433 1953 502 2016 cujus
522 1953 622 2001 fimbria
643 1957 711 2003 aurei
743 1969 817 2016 quam
827 1953 853 2001 in
862 1969 910 2018 quo
918 1955 1025 2003 locorum
1036 1953 1066 2000 de
1076 1954 1122 2002 boc
1133 1969 1220 2018 genere
1230 1949 1299 2004 valde

158 2029 296 2078 “staminis
315 2030 453 2078 summitate
470 2031 638 2092 reprenderet?
672 2030 713 2079 sic
743 2031 889 2080 lubricorum
900 2031 979 2081 omnis
994 2031 1067 2080 osrdo
1076 2031 1161 2078 versari
1173 2031 1298 2080 debeat-

157 2107 299 2172 legendum:
332 2108 395 2164 libri,
423 2111 507 2157 aureis.
553 2109 655 2166 Servius,
680 2108 711 2158 ed
742 2108 864 2172 Denique,
883 2109 905 2156 si
916 2113 979 2158 Serto
992 2107 1109 2169 scripserit
1120 2108 1246 2157 Lueretius
1256 2125 1297 2158 vo·

56 2181 58 2186 '
159 2187 228 2249 virg.
242 2187 300 2235 AEn.
311 2187 327 2234 i.
339 2191 394 2244 480,
405 2189 500 2250 peplum
512 2186 603 2248 definit,
619 2189 709 2250 pollam
742 2201 795 2235 cem
805 2187 1001 2246 ubivisobviam,
1009 2195 1034 2234 et
1043 2187 1139 2248 ipsimet
1150 2187 1238 2248 passim
1248 2189 1296 2235 tre-

157 2265 390 2330 pictamsemiueom.
423 2266 513 2315 Versus
529 2265 626 2329 quidam
642 2267 711 2315 nobis
742 2263 1296 2329 queutstam,undecorruperintlibrarii,-mgre

160 2343 291 2392 admodum
308 2343 409 2406 appositi
425 2345 540 2408 leguntur
557 2344 584 2392 in
606 2344 711 2394 Homeri
743 2341 936 2406 eliquisdiviuet.

158 2421 709 2484 hymnoadVenerem,ver.86.sedcorrupti
748 2443 751 2448 ¹
776 2421 832 2470 Ver.
851 2425 905 2471 50³.
932 2419 1133 2486 Coujunetionem
1154 2423 1196 2482 Et,
1209 2437 1228 2469 a
1247 2419 1295 2485 qud

159 2498 285 2563 lunatique,
297 2499 342 2546 boc
353 2507 435 2547 autem
446 2506 515 2561 pacto
525 2497 698 2546 commandit
744 2498 826 2546 omnia
837 2497 981 2560 exemplaria
990 2513 1085 2545 versum
1095 2497 1232 2555 ordiuntur,
1248 2497 1296 2560 qud

185 2609 257 2649 nm,
265 2621 299 2658 μ..
310 2623 349 2661 7„
359 2605 417 2653 pm,
432 2615 605 2660 „mmmm
615 2619 683 2653 ,m
744 2575 775 2624 de
793 2575 876 2624 mussi
894 2575 1045 2637 potissimum
1061 2575 1195 2633 omiserim,
1215 2577 1295 2622 statim

187 2679 285 2726 utnon,
305 2679 447 2724 xrrrsrou
466 2677 666 2718 nrnuommon·
683 2675 708 2720 a
739 2655 834 2715 patebit
868 2655 938 2712 stne,
956 2653 1010 2700 ⁸5⁰⁰
1017 2651 1118 2714 copulis,
1130 2653 1294 2700 incessu-vivi.

258 2748 277 2788 δι
292 2754 363 2794 eaor.
739 2731 801 2780 diori
812 2741 882 2795 atque
893 2731 1008 2779 stabiliori
1018 2731 1085 2778 loeus
1095 2731 1210 2791 procedit,
1228 2739 1252 2778 et
1262 2732 1293 2778 si-

159 2807 162 2814 ·
188 2815 555 2872 Zmarcpp'r'raealstrothcmrcc,
573 2815 707 2870 dormiiss-
739 2808 822 2856 mllem
839 2807 1047 2870 interpolationem
1063 2807 1200 2868 nuperrime
1223 2807 1293 2872 ejeci·

260 2891 296 2932 θαι.
739 2902 794 2934 mus
810 2886 840 2934 de
856 2885 903 2934 fine
919 2901 965 2934 ver.
977 2887 1142 2944 500.—sudos,
1158 2885 1194 2932 vel
1206 2889 1290 2934 sudor:

189 2965 234 3016 mxu
244 2961 261 3004 δ’
270 2977 406 3016 mammeae
415 2960 558 3006 trum-mr.
742 2964 795 3029 (sed
810 2980 854 3012 nos
865 2963 1058 3028 orthographiam
1069 2971 1187 3011 vetustam
1203 2963 1294 3011 Lucre·

166 3056 235 3120 AEqui
247 3055 341 3118 nuces
353 3065 376 3103 et
387 3055 474 3112 nona,
491 3055 533 3118 qur
543 3053 588 3102 sm
604 3053 630 3102 n
640 3054 706 3104 mc
740 3043 775 3098 tii
793 3052 816 3090 et
833 3042 936 3106 antiquis
953 3042 1060 3104 assitam
1076 3041 1247 3103 grammateia
1265 3052 1293 3090 ut

163 3133 193 3180 ris
201 3133 350 3194 sumpserint,
367 3140 395 3180 ut
414 3133 444 3180 11.
464 3141 489 3180 Ε,
505 3137 560 3181 558,
581 3141 606 3180 z,
626 3139 708 3184 989—
740 3119 811 3168 decor
831 3136 859 3168 eo
878 3117 998 3182 proportio
1019 3115 1147 3179 postulent,
1170 3117 1292 3179 amplecti.

164 3215 215 3260 296.
229 3209 254 3258 J.
266 3209 401 3268 Pollucem,
416 3209 454 3257 vii.
471 3213 510 3258 50.
526 3225 584 3257 cum
596 3210 641 3259 boc
658 3211 710 3258 1000
741 3199 808 3262 mur)
825 3199 858 3246 sic
875 3197 998 3260 perspicue
1017 3203 1045 3244 Δ.
1066 3205 1099 3243 Π.
1119 3203 1145 3245 Σ.
1164 3204 1189 3242 et
1206 3195 1236 3244 V.
1255 3196 1291 3245 ed.

164 3287 289 3349 conferent,
307 3287 373 3335 baud
394 3287 468 3335 invite
489 3287 635 3346 fatebuntur,
656 3289 707 3349 opi.
741 3271 1291 3339 qllflmpffllimss,w⁰d⁰tn0mP⁹5L·M·²td0rs

164 3381 211 3426 nor,
227 3366 419 3428 depravationem
441 3365 570 3414 scribarum
591 3366 707 3429 insignio.
740 3369 818 3401 errore
839 3352 911 3408 facili,
932 3365 1008 3414 quum
1030 3347 1124 3396 literam
1141 3355 1292 3409 prostantem

165 3445 316 3505 rempulchoe
327 3445 387 3494 mihi
403 3444 620 3506 pmffigfltamem,
655 3443 707 3494 (Jae.
740 3431 840 3493 praeiens
850 3429 992 3478 venabulum
1010 3426 1132 3475 attraxerit
1148 3435 1172 3474 et
1190 3426 1289 3476 eliserit:

164 3529 244 3580 terum,
269 3530 297 3569 ut
324 3539 353 3570 ex
382 3523 513 3572 abundanti
530 3522 708 3572 divinationem
739 3508 824 3572 reliqui
840 3523 932 3566 ⁰¹¹¹¹¹0⁵s
946 3507 978 3554 'P-
998 3505 1070 3553 vind·
1092 3505 1123 3553 B·
1146 3514 1181 3553 Ω·
1199 3505 1290 3568 ”liques

165 3597 371 3656 Bunnannianam,
383 3601 409 3647 in
417 3600 513 3661 oprimis
523 3616 581 3648 ,me
591 3611 661 3665 atque
671 3601 707 3649 fe.
739 3589 808 3641 odon·
818 3584 921 3652 dictione
928 3580 1051 3632 tritissimi
1058 3597 1115 3630 cum
1124 3581 1171 3630 aria
1180 3597 1209 3630 ex
1218 3581 1291 3644 longe

165 3675 275 3724 licissimis
290 3677 444 3738 hebendnm‚-
455 3679 618 3729 continuatam
636 3689 707 3744 atque
738 3666 927 3730 elegantissimis,
943 3664 1008 3728 quod
1018 3663 1116 3722 adsolet,
1134 3662 1289 3710 commutati.

166 3751 298 3800 illustratam
306 3751 391 3800 demus
395 3772 402 3813 ;
414 3754 472 3816 quid
480 3756 584 3804 colorem
591 3757 707 3805 sermonis
741 3743 864 3792 Sedenim
874 3751 957 3792 ⁸u⁶i⁰¹
970 3741 1032 3790 Ciris
1047 3755 1097 3786 ⁰⁰¹¹
1113 3737 1288 3799 ⁸b⁸u¹d0l¹¹dl·

166 3829 294 3888 Lucretiani
314 3845 356 3892 per
374 3831 439 3878 bunc
458 3830 538 3879 locum
553 3834 649 3895 propius
670 3843 706 3890 at.
737 3825 785 3874 cari
796 3833 873 3886 potest
882 3826 947 3871 hunc
957 3821 1101 3884 ipsissimum
1110 3819 1191 3866 locum
1202 3817 1290 3864 imitari

167 3907 391 3972 tingitdeseriptione
402 3907 444 3955 int
452 3909 515 3974 pepli
524 3911 664 3973 Papiniani,
676 3913 707 3962 ad
738 3902 847 3962 voluisse,
864 3917 911 3949 ver·
925 3905 979 3948 ¹¹58·

169 3985 234 4035 Theb.
247 4003 270 4035 x.
282 3985 329 4036 59?
750 3993 795 4029 Non
803 3989 903 4037 mihtjam
911 3985 983 4038 pingat
993 3984 1091 4024 sudabunt
1099 3989 1193 4032 tempora
1201 3982 1287 4034 myrrid.

187 4095 251 4109 -
420 4076 676 4128 varhubtplurtmajtom
739 4062 850 4112 Totidem
858 4062 934 4110 verbis
946 4057 1080 4122 Euripides,
1099 4056 1152 4106 Ion.
1165 4063 1234 4106 1194.

188 4136 272 4184 Purpura
277 4135 330 4195 picto
337 4136 411 4184 modis,
418 4136 528 4185 mixtoque
534 4137 642 4178 incenditur
649 4151 705 4180 auro.
981 4171 1173 4213 mmmm
1183 4157 1229 4212 ὔδωρ

170 4218 218 4270 Jen
227 4237 281 4270 vero
291 4223 399 4273 lectionis
415 4226 552 4274 varietatem
569 4243 705 4289 percensea-
768 4239 993 4290 Xpuvmpmmpa,
1008 4229 1126 4284 ιᾴεεθυμια

170 4311 222 4356 mus,
239 4306 266 4345 ut
276 4301 335 4347 nihil
346 4303 407 4350 desit
417 4303 552 4364 lectoribus,
568 4307 707 4369 quominus
735 4349 737 4354 .
769 4304 1032 4348 ΣΜΥΡΝΗΣῚΔΡΩΤΑι

168 4376 275 4440 judicium
287 4379 317 4426 de
333 4383 554 4434 hecemendntioue
570 4397 707 4436 accuratum
739 4389 780 4437 ubi
791 4402 835 4434 nos
844 4384 950 4434 videndi:
969 4383 1012 4432 sed
1031 4382 1288 4435 notissimeestmens.

172 4454 242 4505 terent
276 4461 348 4522 Papio
361 4477 426 4510 nour:
445 4464 474 4511 Ρ.
491 4465 522 4514 V.
534 4463 570 4514 ed.
591 4466 620 4516 B.
636 4475 662 4516 Δ.
675 4477 706 4518 Π.
739 4467 781 4516 lati
797 4468 913 4516 sermonis
927 4464 1041 4524 formula,
1063 4479 1107 4514 nec
1124 4463 1289 4512 annotationis
