2990 5002
484 512 554 580 nn
585 513 881 582 nucrounm.
1162 519 1238 622 'xrs
1325 521 1329 532 ¹

163 697 206 763 G.
225 696 455 782 Gottorpicnum
469 710 515 764 est
524 699 742 788 fragmentum,
760 700 982 786 Hevercempo
995 701 1160 790 stquesiiis
1171 723 1242 768 eru·

120 809 190 874 ditis
204 809 403 890 celebratum,
425 822 549 876 estatem
564 813 717 900 attingens
739 819 802 876 800
816 811 864 875 vel
886 820 949 876 900
964 833 1133 892 annorum3
1155 813 1241 901 quod
1295 867 1299 874 .

120 918 248 986 infs'uste
262 933 368 986 tamen
382 924 507 1009 explicit
520 915 593 990 cum
606 945 696 989 versu
707 914 922 990 454.'secundi
935 924 1015 990 libri.

118 1169 120 1176 ’
160 1143 196 1212 Ρ.
212 1147 273 1210 Pii
286 1158 332 1210 est
345 1146 440 1212 editio
455 1147 672 1226 Bononiensis,
688 1147 728 1212 de
740 1147 802 1235 qui
816 1170 919 1235 supra.

158 1367 257 1433 Vind.
272 1367 370 1433 liserae
383 1369 539 1454 exemplar
565 1321 796 1449 Vindobonense,
811 1370 907 1435 modo
921 1329 1127 1474 memoratum
1141 1369 1244 1450 nobis,

115 1477 271 1550 indicent:
289 1479 331 1555 Q.
346 1474 431 1559 vero,
446 1473 655 1570 fragmentum
669 1483 795 1561 codicis,
811 1482 928 1546 ibidem
942 1483 1142 1561 declaratum,
1156 1482 1245 1569 *quod

115 1589 226 1675 incipit
240 1592 282 1656 ed
295 1592 348 1657 lib.
363 1592 395 1654 ii.
410 1612 471 1656 ver.
488 1597 560 1658 658.
574 1594 812 1678 interrumpitur
832 1593 873 1657 sd
886 1593 939 1658 lib.
954 1594 997 1658 iii.
1012 1617 1074 1659 ver.
1098 1591 1170 1658 61¹4.
1185 1615 1245 1659 nec

31 1755 34 1770 .
114 1702 201 1787 prius
215 1702 257 1767 de
270 1725 353 1768 novo
367 1703 540 1782 exorditur,
559 1725 653 1790 quam
668 1704 709 1768 ed
722 1704 774 1769 hb.
789 1707 829 1768 vi.
844 1727 908 1773 ver.
924 1707 995 1769 747.
1011 1705 1168 1785 deveniam
1184 1728 1244 1771 uu·

30 3697 33 3802 i

115 1812 154 1877 de
168 1813 211 1878 ed
225 1813 322 1880 finem
334 1813 406 1878 libri
420 1814 617 1879 continenter
630 1816 743 1904 pergit.

113 2071 116 2076 Δ
157 2037 199 2100 L.
214 2035 303 2101 literis
313 2037 401 2121 prior
410 2035 488 2098 liber
503 2034 578 2099 MS.
593 2035 856 2115 membranaceus,
873 2035 1008 2101 duorum
1021 2037 1245 2124 pulcherrimo·

113 2169 189 2212 rum
204 2171 242 2211 ac
255 2146 540 2223 vetustissimorum,
555 2144 714 2231 quondam
729 2145 828 2211 Iseeci
842 2146 956 2226 Vossii,
967 2149 1020 2235 qui
1034 2148 1068 2213 in
1082 2148 1245 2215 bibliothe-

113 2257 153 2321 cis
168 2256 376 2322 miversitatis
388 2257 534 2341 Lugduni
548 2255 739 2324 Batauorum
747 2247 952 2339 reserrentur,
968 2285 988 2326 a
1001 2283 1052 2326 me
1066 2259 1244 2350 designatus

114 2379 178 2446 est;

114 2590 210 2656 Μ.
225 2601 330 2656 eutem
343 2591 432 2659 literis
456 2595 610 2681 posterior
633 2593 729 2660 liber·
749 2617 883 2683 quorum
907 2595 1069 2661 varietates
1088 2573 1242 2662 recensuit

118 2697 366 2790 Herercempus.

159 2927 200 2993 Ο.
217 2927 320 2992 codex
333 2939 379 2992 est
393 2928 524 2993 Domini
538 2929 653 3009 Poore,
669 2951 762 3014 supra
774 2927 902 2994 laudati·
924 2930 1011 3013 prius
1022 2938 1125 2992 autern
1134 2926 1175 2991 ad
1186 2947 1242 3012 ps-

117 3038 224 3124 ginam
239 3038 508 3148 quadragesimum
521 3038 666 3106 volumen
679 3037 741 3106 hoc
755 3033 952 3128 progressum
966 3048 1023 3118 est,
1039 3059 1133 3126 quom
1154 3037 1243 3106 hicce

117 3147 192 3216 iiber
204 3147 305 3216 mihi
295 3171 329 3213 m
343 3171 454 3215 manus
469 3150 594 3216 venerit.

159 3389 197 3438 α.
221 3371 485 3462 cantabrigiensis
498 3372 576 3438 liber
589 3385 645 3438 est:

159 3631 195 3684 Δ.
218 3634 253 3684 n.
276 3631 308 3686 et
321 3633 354 3684 Σ.
370 3621 491 3686 codices
507 3618 622 3685 Musaei
644 3618 829 3698 Britannici,
846 3617 887 3682 od
901 3618 1043 3685 ordinem
1057 3620 1243 3686 recensionis

118 3746 246 3812 nostres,
263 3755 355 3820 super
368 3733 426 3798 illis
443 3731 596 3812 hebitoe,
586 3755 619 3798 ιιι
633 3731 888 3819 praecedentibus.

162 3981 263 4046 Vside
275 3981 431 4046 laboravi
421 4005 456 4046 m
466 3980 689 4071 orthographia
704 3980 808 4047 texths
817 3980 997 4048 Lucretiani
1011 3976 1242 4056 constituendi,

121 4108 185 4160 uta
167 4118 301 4178 apparare
281 4098 461 4162 conitorem
474 4095 571 4174 illum,
587 4117 624 4160 ac
637 4094 747 4160 florem
760 4094 971 4216 ferrugineum
985 4090 1171 4156 venerandos
1192 4113 1245 4155 ve·

121 4211 250 4288 nunus,
273 4206 459 4295 importunis
482 4217 693 4271 correctorum
717 4204 860 4270 manibus
884 4202 999 4290 passim
1020 4201 1220 4280 detersum,
1210 4223 1245 4266 m

122 4333 270 4405 quonum
284 4341 359 4386 sena
372 4318 647 4408 grmnmeticorum
660 4318 835 4403 priscorum
842 4313 962 4402 judicie
973 4327 1004 4381 et
1014 4313 1145 4381 subinde
1158 4311 1244 4376 codi-

124 4449 192 4497 cum
213 4434 379 4500 ouctoritss
404 4429 657 4520 suffragarentur,
684 4427 951 4495 redaccendercm.
1002 4429 1065 4494 Res
1086 4426 1156 4500 haec
1177 4435 1244 4488 eret

635 4542 701 4615 br
