2990 5002
460 531 530 600 AD
563 527 859 600 LECTOREM.
1171 537 1236 604 xvii

109 706 187 771 nasii
203 705 456 772 Vindobonensis
470 709 649 795 professore.
691 715 716 752 ‘⁸
731 710 843 774 Exstat
856 707 910 774 hic
924 707 1026 776 oodex
1038 707 1234 778 membrane-

111 827 135 860 “
149 841 221 884 oeus
246 818 281 884 in
305 819 489 885 bibliotheci
514 820 657 886 Caesaret
686 821 934 900 Vindobonensi,
965 833 997 886 et
1033 823 1124 887 seculi
1148 821 1232 890 MD.

110 939 134 972 “
149 929 300 1017 scripturi
322 932 401 996 nitet
414 931 540 1019 quidem
554 932 789 1021 elegantissimi,
813 933 866 998 sed
880 933 984 997 multis
1006 933 1085 998 adeo
1099 933 1179 999 vitiis
1188 933 1233 1000 fe·

109 1051 132 1084 ‘⁶
146 1043 233 1121 dete,
249 1054 285 1107 ut
305 1044 339 1106 in
353 1043 435 1108 calce
449 1044 551 1128 operis
564 1045 690 1132 longam
705 1045 776 1109 satis
790 1042 936 1109 vitiorum
958 1045 1068 1110 seriem
1082 1045 1120 1108 iis
1133 1045 1234 1109 homi·

107 1161 129 1196 ‘⁶
143 1155 239 1219 nibus
253 1155 464 1243 adjungerem,
480 1157 534 1240 qui
545 1155 688 1221 codicum
698 1156 796 1222 MSS.
808 1156 889 1221 vitiis
899 1156 1055 1234 delectari,
1071 1157 1172 1222 verius
1187 1157 1234 1222 di·

107 1273 129 1306 “
144 1288 229 1344 cam,
245 1267 369 1353 nugari,
386 1270 641 1334 eonsueverunt”

147 1489 274 1554 Scilicet
287 1490 368 1554 inter
381 1491 447 1556 illos
461 1504 639 1581 nugatores,
654 1493 709 1580 qui
722 1493 906 1580 scripturam
920 1493 1104 1578 ipsissimam
1124 1494 1235 1558 vetusti

103 1599 232 1678 codicis,
248 1601 311 1664 sive
325 1603 443 1668 sincera
457 1604 506 1682 sit,
523 1605 586 1668 sive
606 1603 733 1694 demum
746 1605 867 1683 vitiosa,
883 1603 1016 1668 fideliter
1029 1616 1232 1690 repraesenta·

103 1721 167 1775 tam
183 1712 291 1790 velint,
308 1726 430 1800 egomet
443 1715 536 1778 nirnis
550 1715 641 1779 velim
655 1738 771 1780 nomen
784 1697 926 1801 profiteri
940 1737 1057 1779 meum:
1074 1729 1105 1780 et
1119 1717 1235 1804 gratiss

102 1845 163 1910 ago
177 1823 310 1888 libenter
323 1827 486 1904 maximas,
502 1826 675 1912 habeoque,
690 1826 763 1890 huic
777 1829 931 1912 nugatori,
947 1825 1031 1913 quod
1040 1829 1116 1892 uitia
1130 1828 1237 1912 hujus-

101 1955 136 1998 ce
150 1935 269 1999 codicis
283 1938 451 2013 notaverit3
474 1958 571 2022 quum
585 1937 737 2023 genuinas
752 1937 884 1999 aliorum
904 1936 1055 2000 librorum
1075 1937 1235 2016 lectiones,

101 2059 197 2132 etque
217 2035 410 2110 hauddubie
425 2047 639 2126 Lucretienss‚
655 2046 834 2132 saepiuscnle
849 2045 1045 2112 confirment.
1092 2047 1236 2130 Utinam,

100 2159 200 2234 ινζυνι
213 2162 310 2229 mnes!
332 2179 458 2224 somnus
476 2157 543 2237 ubi,
559 2171 649 2224 tuum
662 2181 776 2224 munus
791 2160 981 2245 exsequenti,
997 2181 1063 2224 non
1078 2157 1238 2248 aliquoties

99 2273 319 2358 subrepsisset3
335 2293 393 2336 nec
407 2273 631 2337 commentitias
645 2274 853 2338 recentiorum
865 2273 1101 2338 emendatorum
1116 2271 1236 2338 divina-

99 2383 206 2448 tiones
219 2384 288 2448 loco
296 2386 434 2448 eitimam
448 2385 567 2461 codicis,
580 2385 614 2447 in
624 2395 773 2449 contextu
784 2384 916 2448 nimium
930 2384 1062 2449 nimium
1077 2385 1237 2474 negligen-

102 2505 160 2573 ter,
184 2497 233 2560 uti
253 2477 451 2560 vehementer
472 2497 621 2582 suspicor,
644 2496 826 2582 reliquisses:
851 2494 937 2584 quod
958 2507 1084 2561 saneto
1106 2495 1238 2562 subinde

103 2607 242 2692 quidem,
257 2608 397 2694 quamvis
410 2607 586 2672 inconsuto
599 2605 741 2684 forsitan,
760 2607 877 2686 fecisse,
893 2606 971 2670 mihi
987 2617 1033 2672 est
1046 2607 1080 2671 in
1095 2607 1236 2673 omnium

104 2716 196 2808 longe
209 2720 456 2806 persuasissimis

281 2973 284 2980 Ι
310 2896 401 2950 Unum
412 2893 465 2948 hoc
476 2909 604 2960 maceror,
615 2902 644 2948 et
656 2891 737 2946 doleo
749 2891 806 2958 tibi,
815 2890 928 2946 cerole!
944 2891 1046 2948 deesse.

144 3049 238 3116 idem
253 3048 354 3112 editor
368 3069 434 3112 non
448 3059 494 3112 est
508 3046 603 3112 etism
617 3044 803 3132 dedignatus
818 3023 992 3110 adscribere
1007 3045 1122 3114 codicis
1135 3045 1238 3114 alteri-

107 3179 138 3223 us
148 3164 240 3239 uitia,
250 3171 418 3248 nugatores
427 3159 550 3224 eriticm
564 3179 606 3222 ex
616 3155 796 3221 abundante
807 3155 959 3222 demereri
970 3159 1110 3246 cupidus.
1156 3159 1237 3226 Hie-

108 3293 140 3335 ce
153 3271 268 3350 sodex,
283 3272 319 3336 in
339 3271 448 3336 eidem
461 3267 647 3334 bibliotheeri
673 3269 836 3354 repositus,
860 3271 998 3335 continet
1026 3281 1048 3313 ‘⁶
1063 3271 1238 3360 fragmenta

108 3389 130 3422 ‘⁴
145 3383 286 3449 Lucretii
300 3403 343 3446 ex
355 3380 452 3457 libris,
467 3381 500 3443 ii.
511 3379 555 3443 iii.
570 3389 602 3443 et
615 3380 656 3442 vi.
671 3401 691 3443 a
704 3401 767 3443 ver.
780 3363 853 3443 Μ.
869 3381 1020 3466 usquead
1035 3381 1144 3459 finem3
1162 3395 1193 3448 et
1204 3383 1236 3447 in

110 3494 302 3580 “,principio
316 3493 409 3558 seculi
423 3492 486 3556 xiv.
501 3503 647 3556 exaratus
660 3487 812 3561 videtur.”

35 3691 38 3764 l
149 3716 188 3782 In
204 3715 291 3780 brevi
311 3714 422 3780 notitiis
443 3713 577 3779 literarit
599 3714 640 3780 de
653 3715 745 3778 variis
760 3713 947 3781 editionibus
969 3715 1120 3796 Lucretii,
1143 3737 1237 3802 quam
1295 3727 1308 3771 ⁵.
1401 3715 1404 3726 '

35 3867 37 3918 5
110 3829 261 3909 professor
274 3827 335 3906 ille,
358 3828 477 3893 delieiae
490 3839 691 3917 nugatorum,
714 3849 780 3894 suae
794 3829 942 3916 praelixit,
958 3833 1076 3894 mentio
1097 3828 1178 3892 facts
1192 3837 1237 3890 est

110 3941 290 4027 exemplaris
315 3941 349 4004 in
369 3939 556 4005 bibliotheosi
583 3941 833 4021 vindobonensi,
859 3943 992 4007 Venetiis
1016 3939 1156 4026 impressi
1179 3961 1253 4026 per¹⁴
1361 3961 1367 3968 ·

116 4049 299 4121 lteodorum
321 4053 359 4114 de
372 4053 599 4135 Rugazonz'bus,
622 4049 1123 4150 ann0.M.cchLXXXXV.
1142 4056 1237 4138 qnam

36 4243 37 4252 ἵ
113 4159 275 4228 editionem
290 4141 433 4249 equidem
455 4183 617 4250 nunquam
631 4165 706 4229 vidi:
723 4165 776 4229 sed
791 4187 829 4228 eo
840 4166 942 4228 minus
957 4163 1017 4226 hoc
1031 4161 1237 4228 infortimium

114 4269 277 4340 dolendum
291 4287 348 4355 est,
363 4275 449 4362 quod
464 4299 608 4362 expressa
625 4279 663 4340 sit
678 4277 718 4341 ad
733 4278 902 4341 editionem
917 4273 1140 4352 Veronensem,
1151 4273 1236 4359 judi·

36 4441 37 4459 ,
114 4387 460 4469 ceprofessorenostro,
483 4409 581 4474 quum
604 4396 627 4428 ‘⁸
642 4387 745 4451 multis
760 4389 794 4451 in
808 4387 893 4465 locis,
909 4400 1002 4474 atque
1016 4387 1094 4454 adeo
1105 4387 1139 4447 in
1152 4385 1235 4448 lacu·

37 4463 39 4550 l
117 4497 137 4530 “
151 4498 210 4577 nis,
225 4519 297 4562 cum
311 4498 362 4564 iul
378 4511 487 4565 exacte
500 4501 692 4566 conveniat.''

202 4607 284 4673 Vos.
308 4609 334 4673 1.
672 4609 693 4671 b
832 4646 842 4663 ·

603 4821 633 4866 5.
