2990 5002
192 449 246 514 viii
527 449 621 532 ,AD
659 448 959 566 Lucroaam.

191 633 367 702 debilitatus
381 636 489 715 animi,
504 649 598 724 atque
608 637 717 724 creptis
731 637 899 704 audacibus
913 659 994 725 pene
1008 647 1232 717 consternatis,
1243 637 1329 704 dum

191 747 366 814 naviculam
379 771 494 828 meam,
519 747 670 816 immensi
696 749 857 836 cujusdam
883 750 1033 818 vastitatis
1057 749 1221 816 solitudine
1243 751 1328 816 fluc-

191 869 344 941 tuantem,
360 861 584 928 tremebrmdus
597 863 835 949 contemplarer:

625 1087 707 1144 maria
717 1087 844 1161 undique,
856 1096 886 1143 et
902 1087 1020 1161 undique
1032 1087 1144 1144 coelum.
1138 1087 1144 1126 ¹

191 1293 343 1372 Etenim,
357 1294 511 1360 mirentur
531 1295 633 1362 licet
623 1296 789 1382 marpeni,
805 1317 877 1360 rere
891 1294 968 1360 mihi
983 1294 1122 1360 dicturus
1144 1293 1263 1373 videor,
1278 1317 1323 1360 ne

189 1427 291 1472 unum
312 1405 439 1492 quidem
460 1429 501 1472 ex
521 1407 579 1472 illis
594 1409 750 1487 omnibus,
774 1409 829 1494 qui
853 1429 910 1494 per
933 1408 993 1472 aevi
1016 1407 1134 1472 flumen
1157 1405 1198 1472 ad
1221 1427 1322 1493 usque

188 1529 298 1582 nostra
310 1529 453 1605 tempora
463 1518 600 1584 devoluti
614 1521 688 1599 sint',
702 1520 904 1606 scriptoribus
926 1519 1075 1584 Lucretio
1095 1519 1199 1606 minus
1214 1527 1321 1583 emen-

190 1629 300 1694 datum
314 1630 408 1719 vulgo
429 1633 573 1698 manibus
586 1631 738 1698 lectorum
751 1633 826 1710 te1i3
850 1643 905 1698 aut
929 1632 963 1694 in
989 1632 1075 1718 eujus
1098 1583 1198 1711 11111111,
1225 1621 1320 1718 quem

188 1742 309 1821 dicunt,
332 1745 553 1828 concinnando
566 1733 666 1834 magis
680 1767 792 1832 susque
806 1745 906 1831 deque
920 1743 1059 1810 habitam
1077 1755 1269 1808 vetustorum
1282 1742 1319 1806 ll*

171 1853 320 1941 “brorum
334 1855 430 1920 fidem
443 1857 559 1942 passim
573 1859 694 1924 senties.
739 1858 836 1936 Nam,
859 1867 895 1922 ut
916 1857 1132 1935 concesserim,
1154 1855 1232 1920 Cari
1246 1875 1319 1918 nos-

157 2058 160 2064 ,
189 1966 231 2030 tri
251 1983 470 2056 argumentum
494 1969 611 2062 nones
635 1995 700 2036 esse
723 1970 913 2049 arnoenitate‚
930 1991 1002 2056 qum
1016 1968 1141 2034 turbam
1154 1969 1318 2045 lectorum,

189 2078 230 2143 de
243 2101 350 2144 rerum
363 2080 477 2146 naturd
492 2093 523 2146 et
537 2082 650 2146 abditis
670 2082 876 2167 philosophiae
897 2069 1010 2167 parurn
1032 2080 1233 2157 solicitorum,
1256 2080 1318 2142 suis

187 2189 339 2256 illecebris
361 2204 472 2277 sponte
494 2193 612 2272 trahat3
635 2194 813 2280 simplicitas
834 2206 944 2260 tamen
972 2183 1133 2258 orationisv
1146 2192 1319 2279 purissimae
1384 2263 1386 2268 ,
1468 2213 1477 2295 j

11 2311 12 2322 ¹
70 2386 76 2399 ⁸
190 2299 514 2392 inaffectats,1ngeni1
505 2303 627 2370 lactea
640 2306 802 2384 ubertas,
792 2327 827 2368 m
841 2285 1025 2392 omnigenos
1038 2304 1158 2416 lepores
1179 2303 1240 2368 late
1261 2303 1320 2367 dif-

189 2415 302 2493 fluens,
333 2415 557 2482 sincerissimus
579 2417 706 2502 insuper
734 2417 958 2524 elegantiarum
982 2409 1176 2502 poiiticarum
1198 2427 1318 2530 gustus,

189 2519 296 2592 nativo
311 2527 449 2614 quodam
470 2550 562 2593 sensu
583 2529 754 2596 rectissimo
775 2527 997 2606 delibatam,
1021 2538 1052 2592 et
1064 2521 1195 2592 varietas
1209 2549 1319 2596 nume-

188 2657 433 2718 rosarersuum‚
447 2639 536 2725 lapsu
558 2638 640 2710 facili
665 2640 909 2719 decurrentium,
934 2651 966 2704 et
990 2639 1079 2714 melle
1092 2629 1240 2710 Musaeo
1247 2631 1319 2704 vere

118 2743 136 2770 '
189 2761 418 2816 contactorum:
434 2750 504 2814 haec
518 2751 625 2814 omnia
638 2743 832 2816 severitatem
846 2750 1041 2817 subtiliorum
1060 2749 1319 2838 disceptationum

190 2853 344 2929 deliniunt
357 2885 455 2950 usque
469 2861 560 2941 adeo,
574 2853 614 2926 'aa
627 2861 808 2941 devincunt,

438 3040 559 3096 Molliter
570 3049 704 3096 austerum
716 3040 805 3096 studio
817 3041 926 3098 fallente
936 3041 1063 3109 laborem,

163 3258 168 3277 κ
189 3210 225 3264 ut
239 3220 334 3263 nemo
349 3199 388 3266 sit
401 3199 535 3288 ingeniis
552 3219 618 3264 non
639 3198 760 3277 fucatis,
784 3209 877 3286 atque
898 3198 1099 3288 elegantibus,
1118 3189 1317 3266 'demetendis
1340 3196 1343 3208 '

189 3295 608 3391 accommodationem,
639 3310 694 3398 qui
727 3310 920 3400 diligentiam
949 3311 1084 3380 'fideliter
1117 3312 1317 3378 tractantium

186 3423 328 3507 pleniore
341 3435 496 3510 proventu
509 3422 731 3493 remunerabit.
774 3422 948 3504 Nimirum,
964 3424 989 3488 si
1010 3445 1127 3502 rerum,
1143 3423 1183 3488 de
1204 3423 1316 3509 quibus
1336 3466 1339 3474 ·

65 3533 70 3546 '
155 3569 159 3576 ·
186 3532 336 3619 disputat,
350 3533 573 3600 obscuritatem
587 3545 619 3613 et
627 3535 822 3620 jejunitatem
842 3535 1009 3600 liberaliter
1022 3536 1181 3613 intuearis,
1198 3529 1316 3600 Lucre·

160 3637 935 3737 ’1113111111’11191111111111111111111111111181
957 3647 1112 3738 longeque
1134 3646 1316 3712 dilucidissi·
1340 3671 1345 3680 ·
1370 3737 1372 3744 Α
1478 3717 1479 3724 χ

80 3778 89 3799 ·
185 3745 273 3838 111111Ι
282 3754 452 3848 ’,1111111111
463 3759 524 3823 nisi
537 3759 698 3838 rarissimi,
712 3761 747 3824 in
760 3781 856 3846 opere
879 3772 947 3826 toto
969 3761 1041 3838 loci,
1061 3761 1123 3846 quiv
1139 3753 1316 3824 desiderent

186 3871 402 3956 interpretem,
426 3883 481 3937 aut
501 3863 649 3936 lectorem
670 3873 794 3942 modice
814 3873 1025 3960 perspicacem
1046 3871 1164 3963 morari
1185 3866 1312 3959 quaabt:

184 3981 247 4048 hoc
261 3995 382 4070 autem,
394 3984 437 4048 ob
451 3982 687 4070 depravationes
707 3985 913 4071 potissimum,
936 3989 1039 4071 poetes
1064 4001 1139 4048 non
1157 3983 1314 4070 imputari·
1360 4041 1364 4052 ,
1478 4038 1479 4052 ,

186 4077 425 4182 dasz'id3‘q1'iod
439 4107 586 4183 expertus
601 4100 659 4162 usu
682 4119 760 4177 rem,
776 4091 907 4163 tutemet
929 4089 1014 4163 haud
1040 4115 1124 4186 segre
1146 4089 1315 4160 confitebe-

107 4251 109 4254 -
182 4210 235 4275 ris.
282 4207 346 4274 His
360 4201 456 4299 igitur
466 4210 507 4274 de
517 4211 641 4290 caussis,
651 4211 850 4276 vehementer
860 4203 1003 4298 equidem
1017 4211 1127 4274 mirari
1139 4209 1233 4286 solae,
1249 4218 1315 4280 tam

74 4379 83 4386 ·
181 4342 299 4410 11811008
313 4322 506 4398 literalem]
520 4323 685 4395 homiuum
700 4325 861 4405 exstitisse,
878 4325 931 4411 qui
950 4315 1138 4390 versaverint
1150 4317 1311 4393 Lucretia
1465 4299 1480 4531 j

1464 4680 1483 4956 1
