2990 5002
430 836 526 923 AD
585 833 1025 924 LECTOREM

643 1141 807 1170 -u—
913 1155 920 1162 -

148 1366 413 1478 Dnnrrmu,
439 1398 514 1466 sete
536 1399 652 1466 mser
672 1412 705 1470 et
728 1397 867 1468 muer
893 1397 1155 1466 nummorum
1178 1394 1291 1462 armt-

148 1521 248 1592 nur'n,
264 1510 347 1577 curis
367 1512 444 1576 meis
465 1513 687 1599 expolitorum,
708 1525 813 1602 atque,
830 1513 925 1600 juste
946 1510 1133 1578 recensionis
1152 1531 1225 1595 ope,
1248 1505 1290 1572 ad

146 1624 325 1711 pristinum
338 1625 456 1690 cultum
476 1627 683 1714 nitoremque,
706 1627 741 1692 in
761 1637 916 1714 quantum
936 1647 993 1711 per
1015 1624 1146 1710 scriptos
1167 1619 1290 1687 codices

147 1749 251 1826 atque
264 1736 510 1804 mediocritatem
524 1740 698 1830 sagacitatis
719 1761 799 1806 mese
813 1750 846 1806 et
866 1737 1019 1805 doctrine
1040 1735 1173 1814 licuerit,
1188 1731 1287 1799 refor-

147 1862 326 1929 matorum,
350 1850 471 1916 dudum
491 1853 697 1938 promissione
718 1863 907 1937 susceptum,
929 1849 1058 1914 tandem
1079 1848 1149 1928 tibi,
1165 1846 1220 1912 sed
1242 1868 1290 1912 se·

148 1963 222 2030 rius
236 1963 426 2050 aliquantulo
440 1985 536 2048 quam
557 1961 678 2040 vellem,
694 1985 749 2048 spe
770 1961 921 2046 trepidus,
937 1971 980 2038 et,
997 1960 1022 2024 si
1044 1959 1113 2046 quis
1134 1979 1286 2046 unquam,

149 2073 302 2140 diffidens
322 2075 397 2152 mei,
421 2085 618 2159 reproesento.
664 2075 717 2142 sic
746 2072 887 2160 profecto
916 2096 949 2138 se
980 2095 1030 2138 res
1051 2071 1158 2136 habet:
1190 2091 1288 2156 quum

150 2186 299 2250 animum
313 2184 354 2250 ad
367 2184 423 2250 bas
437 2185 670 2271 pretiosissimas
685 2185 873 2252 Latinarum
893 2186 1054 2252 literarum
1074 2182 1219 2270 reliquias
1232 2201 1288 2248 ex·

151 2297 314 2362 ornandas
326 2296 471 2384 primitus
489 2297 678 2384 adjecissem,
697 2298 848 2384 jucundae
861 2299 962 2388 magis
971 2295 1182 2373 relaxationis,
1192 2316 1289 2382 quam

149 2409 327 2498 negotiosae
340 2409 453 2476 virium
479 2411 699 2490 contentionis,
725 2411 804 2476 mihi
830 2429 943 2476 munus
963 2408 1132 2496 spondens,
1148 2430 1214 2472 non
1228 2406 1288 2472 nisi

151 2519 196 2585 de
219 2521 360 2586 breviore
391 2523 617 2588 commentario
642 2524 831 2612 cogitabam:
854 2534 964 2609 postea
985 2534 1104 2599 tamen,
1127 2521 1230 2606 operis
1251 2519 1289 2584 li·

150 2631 241 2697 mine
262 2632 318 2698 vix
338 2633 429 2712 inito,
452 2633 538 2700 bunc
559 2647 591 2702 et
615 2636 840 2721 amplissimrmr
860 2633 1096 2720 philosophum,
1119 2643 1158 2706 et,
1171 2630 1289 2720 gravis·

150 2745 269 2810 simum
289 2747 427 2831 politam,
450 2745 537 2812 tanti
559 2747 844 2814 commentitiorum
865 2745 1035 2812 lectionum
1055 2744 1183 2810 feditate
1196 2743 1289 2808 deve·

151 2867 315 2922 nustatum
336 2856 540 2942 deprehendi,
566 2857 603 2922 eia
625 2858 791 2924 adulterini
821 2858 1015 2922 scabitudine
1044 2856 1196 2922 sermonis
1209 2853 1290 2920 mul·

152 2969 193 3034 tis
218 2968 258 3032 de
272 2968 386 3032 caussis
408 2967 626 3044 incrustatum,
644 2979 681 3030 ut
703 2968 911 3045 occasionem,
932 2966 1018 3031 haud
1032 2967 1191 3032 instrenuo
1213 2966 1288 3032 obe-

152 3078 286 3157 undam,
311 3079 365 3144 sed
390 3075 482 3164 plane
505 3077 719 3166 dignissimam
742 3077 822 3143 mihi
845 3077 974 3144 videbar
996 3091 1118 3156 nectus,
1140 3079 1289 3168 inquam

151 3190 313 3258 facdtates
327 3213 435 3256 omnes
449 3190 688 3278 qualescunque,
704 3193 773 3258 tum
787 3191 973 3258 eruditionis
986 3204 1056 3258 tum
1077 3193 1196 3281 ingenii
1210 3193 1286 3271 mei,
1308 3235 1314 3246 -

153 3303 375 3370 studiosissime
395 3301 593 3381 collocarem
617 3303 717 3370 nullos
741 3305 863 3370 labores
885 3304 1091 3393 defugiendos
1114 3327 1191 3385 esse,
1218 3303 1289 3372 nul·

153 3416 219 3482 lam
232 3437 298 3480 non
311 3415 443 3480 libenter
455 3413 644 3480 efferendam
658 3438 724 3481 esse
739 3415 979 3494 solicitudinem,
995 3437 1120 3482 mecum
1134 3428 1285 3497 statuens,

155 3529 181 3592 si
196 3527 292 3592 modo
306 3526 423 3592 fruotrrs
435 3526 511 3592 inde
524 3527 633 3615 aliquis
648 3528 738 3594 bonis
752 3528 848 3594 literis
868 3527 950 3594 forte
971 3527 1097 3596 fortunat
1117 3532 1286 3616 provenire

154 3649 268 3726 posset
313 3639 458 3705 Tandem
472 3663 558 3720 vero,
582 3663 617 3706 re
639 3641 794 3736 gradatim
816 3641 1018 3729 procedente,
1045 3664 1082 3708 ac
1099 3641 1230 3708 materiis
1253 3664 1287 3708 se

156 3752 258 3830 latius,
288 3760 325 3816 ut
349 3750 397 3830 fit,
431 3753 465 3816 in
494 3775 602 3820 omnes
626 3765 731 3840 partes
759 3756 929 3842 aperiente,
953 3776 1028 3820 oum
1053 3765 1102 3818 tot
1128 3753 1286 3842 tantisque

156 3861 387 3930 difficultatibus
400 3863 479 3928 milri
493 3887 558 3932 esee
579 3866 822 3934 conflictandum
843 3868 919 3946 vidi,
935 3879 1001 3934 tam
1021 3875 1152 3952 propter
1172 3866 1285 3933 moles-

157 3977 215 4042 tias
229 3975 317 4060 0peri
330 3987 420 4040 tanto
432 3978 587 4064 proprias,
603 4001 699 4067 quam
713 3980 955 4048 innumerabiles
969 3976 1156 4056 adventitias
1167 4001 1209 4046 ex
1220 3980 1286 4046 edi-

124 4071 127 4082 ⁴
157 4099 263 4154 torum
275 4087 418 4174 priorum
426 4091 476 4156 vel
489 4091 643 4171 socordii,
658 4093 708 4158 vel
721 4094 854 4173 inscitie,
879 4093 928 4160 vel
950 4092 1124 4158 temeritate
1138 4092 1287 4180 denique,

158 4207 219 4283 isse
230 4226 304 4283 μοςον
327 4202 509 4283 cumtrlatas,
531 4216 570 4270 ut
581 4204 621 4270 de
634 4206 765 4272 constirs
779 4207 842 4272 mei
859 4227 1012 4284 successu,
1028 4205 1175 4272 adhibitis
1190 4207 1285 4276 etiem

159 4314 260 4382 sudio
273 4315 503 4403 improbissimo
516 4328 549 4384 et
562 4319 725 4388 sedulitate
736 4317 957 4400 morosissimir,
968 4318 1061 4407 plane
1072 4321 1285 4406 desperaremr
