2990 5002
186 503 286 570 xxxvi
571 499 914 572 ARGUMENTA.

186 711 256 758 satu
269 686 365 754 fusius
379 687 588 775 explicaverit,
603 688 717 758 merito
737 709 812 754 sene
826 711 846 753 a
859 709 924 756 ver·
949 693 1001 752 26.
1016 686 1059 754 ad
1072 708 1135 756 ver.
1158 694 1210 754 46.
1233 685 1317 756 haue

186 801 280 870 aiam
304 802 458 870 subnectit
478 801 731 888 disputatimm,
756 801 799 868 de
820 801 993 870 sensatione
1018 814 1084 867 tam
1107 801 1316 891 vigilantium,

186 937 282 1002 quam
296 914 527 984 dormientium.
572 913 679 991 Quam
693 913 933 1001 dispumtionem
946 927 982 980 ut
992 937 1032 980 ex
1043 913 1154 982 ordine
1164 915 1317 994 obsoleat,

186 1028 398 1096 aerumnosis
422 1027 596 1106 exorditm,
621 1049 756 1114 quonum
779 1049 840 1113 ope
862 1049 989 1094 omnem
1017 1029 1224 1094 sensationem
1247 1027 1318 1094 lieri

186 1139 356 1208 contendit.
391 1141 507 1206 ,Docet
518 1139 634 1226 itaque,
651 1139 714 1206 111.
730 1161 866 1206 ararum
879 1139 1042 1226 superficie
1055 1139 1319 1228 tenuisquoedam

186 1265 218 1319 et
234 1253 440 1318 subtilissima¹
457 1253 621 1318 simum
644 1252 739 1330 mitti,
766 1274 838 1339 quae
862 1253 978 1338 passim
1001 1274 1059 1339 per
1080 1255 1153 1318 a'dta
1173 1253 1317 1330 veliunt,

185 1365 346 1454 sigillatim·
354 1377 460 1430 tamen
474 1365 534 1448 sub
546 1367 729 1432 visumnon
743 1365 872 1444 cadunt,
887 1366 983 1432 nisis
996 1365 1140 1452 spernis,
1153 1377 1210 1434 aut
1220 1363 1318 1452 aqud,

184 1477 319 1564 rapidas,
341 1479 376 1542 in
389 1479 495 1544 oeulos
507 1479 682 1557 incurrant,
697 1501 718 1544 a
730 1485 863 1543 uendit.
877 1478 921 1544 ad
934 1501 998 1543 ver.
1017 1486 1109 1566 106.;
1135 1477 1194 1547 IV.
1211 1477 1320 1544 Subti»

184 1588 303 1655 litatem
314 1589 429 1655 horum
445 1589 680 1656 sinudaerorum
694 1590 899 1670 demonsuat,
915 1602 947 1655 et
961 1590 1093 1656 subinde
1112 1591 1319 1679 exiguitatem

185 1701 430 1788 primordiorum
445 1701 622 1782 oonfirmst,
637 1703 679 1768 sd
689 1725 755 1768 ver.
770 1711 841 1768 129.
886 1703 927 1767 V.
944 1703 1188 1769 Simidaororum
1199 1701 1319 1788 duplex

185 1813 349 1904 distinguit
367 1837 478 1903 genus,
494 1815 626 1882 alterum
647 1837 768 1894 eorum,
791 1837 862 1902 quoe
876 1826 988 1902 sponte
1002 1815 1056 1880 sud
1070 1825 1262 1904 genesmur
1279 1813 1318 1878 in

185 1927 267 2006 a‘e'r'e,
282 1927 387 2014 qualia
398 1931 628 2015 nonnunquam
648 1928 788 1993 videmus
802 1927 871 1992 fieri
884 1928 919 1992 in
932 1927 1080 2005 nubibus,
1096 1927 1193 1992 modo
1205 1927 1318 2014 gigan-

184 2051 264 2116 tum,
279 2038 377 2108 modo
397 2040 564 2120 mondum,
588 2041 751 2106 autetiam
765 2039 951 2118 belluarum,
974 2039 1125 2128 imagines
1146 2038 1320 2116 imitantia3

185 2151 319 2216 altarum
342 2173 463 2230 emunt,
487 2175 559 2238 quae
573 2175 721 2218 ererum
744 2152 908 2238 superficie
932 2152 1068 2230 avolarit,
1096 2151 1184 2238 quasi
1209 2153 1318 2214 tenues

184 2283 291 2326 rmum
305 2263 440 2328 exuvias
460 2274 493 2326 et
506 2263 620 2328 deinde
633 2285 773 2338 ererum
786 2261 949 2349 superficie
962 2262 1019 2327 hes
1030 2262 1156 2327 eandm
1165 2272 1320 2347 perpetuo

185 2372 264 2450 oriri
283 2371 397 2448 dooet'
409 2384 443 2436 at
455 2372 491 2436 ei
503 2384 609 2437 motus
630 2373 786 2438 eeleritate
801 2395 865 2457 ‘per
877 2375 951 2437 adra
970 2373 1056 2450 ferai,
1078 2384 1115 2437 ut
1128 2373 1176 2438 vel
1193 2373 1321 2438 lumtinia

186 2481 293 2549 solaris
301 2483 422 2568 jaetmn
435 2481 524 2549 facile
538 2492 696 2568 superent,
712 2504 804 2546 aver.
823 2489 893 2546 129.
908 2482 1022 2548 adver.
1035 2489 1112 2547 216.
1133 2511 1139 2530 -·
1157 2483 1216 2553 vl.
1231 2484 1321 2561 Quis

186 2597 269 2661 risus
283 2592 733 2678 munumentum-,primus
752 2591 897 2671 habetur,
920 2593 1013 2658 abeo
1027 2594 1203 2675 exorditum,
1223 2619 1320 2684 quem

186 2706 502 2783 ensimulaeroeum,
527 2723 581 2769 seu
601 2704 948 2793 imaginum,.ineursn
963 2705 1033 2770 fieri
1057 2709 1161 2773 docetr
1192 2709 1320 2774 interim

187 2818 485 2906 adtemeiquioatm
493 2815 612 2904 omitia,
627 2837 699 2902 quoe
713 2813 845 2900 adsistis
859 2837 980 2882 eausms
995 2821 1150 2904 spedulia
1172 2820 1321 2907 vsi-isque

186 2931 227 2998 de
240 2933 308 2997 visu
329 2929 524 3017 problemata
544 2928 706 3014 proponit,
729 2948 801 3016 quae
816 2929 875 2993 rite
890 2930 979 2995 solvit
1000 2943 1032 2994 et
1053 2930 1207 3016 explicat,¹
1221 2955 1241 2996 a
1254 2945 1319 2998 rar.

187 3049 261 3107 216.
284 3042 326 3107 ad
339 3064 402 3105 ver.
420 3043 493 3105 471.
539 3039 617 3104 VII.
641 3039 780 3104 Nevero
801 3040 910 3128 aliquis
931 3063 972 3105 ex
985 3041 1201 3127 phaenomenis
1222 3043 1320 3108 modo

187 3152 346 3239 explicatis
360 3173 466 3216 sensus
479 3149 607 3214 fallaciae
629 3162 751 3237 arguat,
766 3149 890 3214 illorum
911 3151 1096 3239 dignitatem
1117 3154 1242 3240 copiose
1262 3154 1319 3219 ad·

185 3266 289 3343 struit,
313 3285 408 3329 aver.
425 3266 499 3328 470.
514 3262 629 3328 adver.
640 3269 720 3327 624.
765 3263 809 3328 Et
824 3264 956 3330 subinde
977 3269 1137 3353 soeptioos,
1160 3270 1320 3356 praecipue

186 3399 290 3444 aver.
313 3379 386 3441 479.
409 3375 533 3441 refutet:
561 3387 592 3441 et
614 3375 741 3441 demum
767 3377 886 3455 asserit,
910 3400 1036 3442 omnem
1061 3366 1220 3445 reritatem
1243 3380 1320 3446 fidei

188 3509 334 3554 sensuum
348 3488 449 3553 inniti.
495 3486 590 3551 VIII.
608 3487 672 3552 His
686 3487 730 3552 ite
744 3487 785 3553 de
798 3488 865 3553 visu
879 3487 1053 3574 disputatis,
1069 3503 1198 3556 caeteros
1212 3515 1320 3560 sensus

186 3600 436 3691 aggrediamur
456 3599 594 3686 primum
615 3599 719 3680 doust,
735 3622 850 3672 rocem
874 3620 912 3666 ac
933 3623 1045 3666 sonum
1067 3622 1232 3690 corporeas
1253 3627 1320 3671 mse

185 3714 348 3804 imagines,
372 3735 444 3799 quae
464 3714 711 3800 erumpentes
731 3713 844 3782 feriant
865 3724 897 3780 et
917 3713 1060 3782 audiam
1079 3714 1206 3782 faaiautt
1232 3717 1318 3784 vocis

186 3839 332 3894 naturam
345 3825 812 3914 etquefosmsturamexplieat
840 3825 1319 3915 ,Cureudemronpemipistur

186 3939 335 4019 amultis,
361 3927 523 4007 rationem*
539 3938 658 4017 reddin
684 3939 762 4026 quid
775 3939 815 4006 sit
828 3937 918 4018 echo,
945 3939 1104 4026 quomodo
1127 3939 1194 4020 fiat,
1217 3964 1237 4005 a
1251 3963 1318 4006 ver.

188 4055 261 4118 524.
276 4050 318 4116 ad
331 4073 395 4118 ver.
408 4059 484 4120 618.
529 4051 735 4122 1X·..Deinds
748 4051 789 4122 de
802 4073 924 4138 sapore,
940 4062 972 4118 et
984 4051 1145 4139 grutu,.da
1159 4052 1269 4132 odore,
1283 4064 1318 4118 et

186 4160 311 4241 olfactu
327 4162 434 4243 doces,
456 4164 532 4252 quid
546 4185 668 4252 nempe
681 4166 722 4232 sit
733 4185 839 4252 sapor,
860 4163 937 4252 quid
950 4163 1043 4242 odor,
1064 4175 1096 4229 et
1110 4186 1166 4230 cur
1187 4186 1254 4230 nou
1275 4166 1317 4231 ab

186 4274 332 4342 omnibus
350 4277 538 4344 sentiautru.
584 4278 652 4344 Cur
670 4277 757 4345 cibus
780 4276 865 4344 idem
886 4275 952 4342 aliis
966 4275 1075 4353 dulcis,
1096 4275 1164 4342 aliis
1176 4299 1323 4356 marus,-

79 4439 83 4449 .
186 4385 256 4465 fist,
283 4409 340 4454 etur
353 4388 434 4457 odor
452 4389 530 4456 alius
550 4389 617 4457 aliis
637 4392 677 4458 sit
698 4391 798 4480 magis
816 4401 924 4476 uptun
944 4399 1055 4460 almos
1076 4385 1142 4454 aliis
1163 4399 1317 4455 terrorem
