2990 5002
181 459 301 526 mviii
605 453 950 521 ARGUMENTA.

182 644 295 733 quibus
307 641 443 730 probare
456 651 599 719 conetur,
615 627 698 706 lianc
712 663 896 731 compagem
910 661 974 704 non
990 637 1082 704 ediis
1096 640 1310 721 constitutam,

183 769 216 822 et
229 755 392 822 mortalem
406 776 480 820 esse.
525 751 567 818 V.
584 752 638 818 Ad
659 774 723 817 ver.
745 755 817 840 417.
841 763 975 838 quatuor
996 751 1158 831 elementa,
1182 764 1312 832 terram,

184 890 311 956 aquam,
326 869 409 944 aiira,
425 865 543 953 ignem,
559 888 577 929 e
592 865 704 951 quibus
714 864 850 931 mundus
865 875 997 942 constat,
1020 865 1153 929 nesciet
1173 864 1314 944 interire,

184 991 216 1046 et
229 978 363 1066 proinde
376 977 531 1042 mundum
546 977 648 1063 ipsum
662 975 830 1063 aliquando
850 976 1013 1062 incepisse,
1035 975 1203 1063 aliquando
1218 977 1313 1040 etiam

184 1092 370 1179 pentinum,
381 1088 499 1180 arguit3
515 1087 667 1174 variisque
675 1087 741 1153 aliis
750 1088 941 1178 argumentis
949 1087 1127 1167 confirmat,
1136 1087 1219 1152 hauc
1229 1109 1316 1152 com·

184 1209 299 1292 pagem
312 1224 371 1268 nec
381 1201 421 1266 ab
436 1211 554 1266 aetemo
569 1200 731 1277 exstitisse,
746 1221 848 1286 neque
861 1198 999 1264 futuram
1013 1221 1078 1264 esse
1098 1199 1316 1288 immortalem.

186 1316 246 1381 VI.
263 1313 316 1380 Ad
330 1335 394 1378 ver.
411 1318 484 1376 510.
499 1311 565 1400 agit
578 1309 619 1376 de
639 1311 743 1396 primo
763 1309 873 1374 mundi
895 1322 1023 1389 exortu3
1047 1323 1079 1376 et
1100 1310 1227 1398 singulis
1252 1311 1318 1396 ejus

185 1426 338 1515 pertibus,
354 1436 450 1510 prout
462 1424 620 1513 graviores
634 1434 689 1488 aut
702 1423 831 1488 leviores
845 1432 929 1501 sunt,
946 1423 1032 1488 sedes
1047 1434 1158 1488 suaset
1170 1421 1256 1487 locos
1270 1445 1319 1514 aa·

186 1539 298 1628 signat.
345 1535 422 1602 VII.
438 1535 492 1600 Ad
506 1557 569 1600 ver.
585 1542 658 1606 613.
682 1535 781 1603 multa
803 1535 843 1598 de
869 1534 938 1600 coeli
962 1545 994 1599 et
1019 1532 1156 1598 siderum
1180 1533 1319 1600 motibus

186 1649 348 1738 proponit,
364 1658 397 1713 at
411 1646 490 1712 nihil
504 1647 580 1712 certi
597 1646 747 1712 decernit:
771 1645 885 1712 deinde
899 1646 1002 1724 docet,
1019 1667 1075 1712 cur
1089 1657 1184 1724 terra,
1200 1667 1257 1710 cnr
1270 1657 1320 1710 to-

187 1776 221 1828 ta
234 1783 412 1852 compages,
428 1759 514 1847 quod
535 1782 648 1846 corpus
669 1781 765 1847 grave
789 1769 847 1838 est,
873 1757 949 1823 nulli
974 1757 1178 1823 fundamento
1197 1757 1318 1835 innixa,

187 1874 334 1962 pendeat:
359 1871 454 1938 solem
468 1871 614 1959 denique,
635 1872 756 1950 lunarn,
780 1869 892 1950 sidera,
912 1871 1055 1948 metitum
1079 1882 1172 1956 atque
1192 1867 1244 1932 ills
1261 1889 1320 1933 nec

185 1987 307 2072 mstjom
335 2007 394 2049 nec
422 1984 547 2048 minora
563 2001 651 2062 esse,
682 2005 777 2070 quam
805 1982 897 2048 nobis
925 1992 1089 2068 apparent,
1122 1980 1321 2067 pronunciat.

189 2097 286 2163 VIII.
309 2095 364 2160 Ad
377 2117 441 2159 ver.
457 2095 531 2158 770.
546 2094 647 2158 varias
660 2095 821 2179 utriusque
835 2093 967 2171 solstitii,
990 2093 1089 2158 aestivi
1106 2103 1138 2157 et
1157 2091 1319 2179 hyemalis,

188 2231 311 2274 caumas
325 2205 442 2282 reddit;
466 2226 530 2290 quo
545 2203 641 2268 modo
655 2225 721 2274 nox
735 2202 802 2280 fiat,
819 2226 875 2268 cur
897 2226 1011 2268 aurora
1032 2204 1129 2268 solem
1150 2201 1320 2289 praeoedat,

189 2339 247 2384 cur
260 2317 326 2382 dies
341 2326 372 2380 et
386 2325 492 2378 noctes
506 2313 641 2376 nussim
654 2335 720 2377 sese
734 2325 892 2398 superent,
915 2335 972 2377 cur
993 2313 1069 2378 luna
1089 2315 1209 2380 vultum
1220 2326 1262 2380 'et
1283 2313 1321 2378 fi-

190 2449 303 2518 guram
317 2426 426 2502 variet,
442 2445 499 2490 cur
512 2422 648 2508 denique
662 2422 708 2487 sol
721 2445 758 2486 ac
775 2422 850 2487 luna
871 2423 998 2509 eclipsin
1019 2426 1191 2512 patiantur,
1214 2425 1322 2511 dispu-

191 2551 247 2605 tat.
274 2535 356 2604 ⁴1X.
372 2529 510 2612 Deinde,
527 2558 546 2599 a
566 2534 645 2600 coelo
668 2533 870 2612 descendens,
897 2519 1078 2615 herbarum,
1103 2538 1263 2616 arborum,
1290 2561 1325 2604 a·

192 2651 289 2728 vium,
304 2649 483 2726 brutorum,
499 2646 676 2723 hominum,
691 2645 827 2733 origines
842 2644 997 2710 describit
1042 2646 1088 2712 X.
1105 2648 1159 2714 Ad
1169 2671 1232 2714 ver.
1249 2656 1324 2714 835.

192 2773 332 2829 monstra
345 2781 481 2848 quoque,
497 2757 607 2822 mutila
621 2755 766 2843 quaedam
780 2767 874 2844 atque
887 2755 1068 2843 imperfecta
1082 2761 1238 2842 numinis,
1254 2783 1326 2826 nas

192 2866 393 2951 ci‘concedit3
417 2870 471 2936 sed
488 2868 672 2946 chimeras,
691 2867 877 2946 Centauros,
902 2867 1029 2955 Scyllas,
1052 2869 1231 2960 reliquaque
1250 2874 1328 2959 poe'·

191 2999 297 3052 tarum
310 2996 467 3072 portentu,
484 2980 617 3048 suaviter
631 2979 760 3044 deridet.
805 2979 869 3044 XI.
893 2979 1045 3059 Demum,
1068 3005 1165 3048 aver.
1187 2991 1262 3049 922.
1284 2983 1327 3050 sd

193 3121 257 3163 ver.
277 3104 368 3160 1090.
384 3095 559 3180 primorum
573 3091 738 3156 hominum
754 3091 845 3169 vires,
861 3089 973 3155 rudem
987 3093 1095 3174 vitam,
1118 3095 1247 3175 cultum,
1262 3096 1328 3160 vic·

194 3224 275 3292 tum,
290 3208 467 3299 ingenium,
482 3227 598 3282 mores,
614 3203 784 3293 domicilia,
799 3203 1011 3281 matrimonia,
1034 3204 1194 3285 describit,
1218 3220 1249 3272 et
1269 3207 1328 3272 do·

195 3337 256 3402 cet,
272 3322 357 3388 unde
373 3343 486 3400 sermo,
502 3339 604 3398 voces,
621 3329 652 3382 ct
666 3339 773 3382 rerum
787 3316 926 3381 nomina.
972 3315 1053 3382 XII.
1077 3317 1234 3399 Tandem,
1256 3331 1329 3407 post

194 3437 301 3524 ignem
316 3435 349 3497 in
364 3445 461 3498 terras
476 3451 496 3496 a
509 3431 638 3496 fulmine
652 3428 805 3508 delatum,
818 3429 930 3495 cultior
943 3429 1007 3494 vite
1020 3428 1101 3496 facta
1112 3443 1169 3511 est,
1184 3444 1217 3498 et
1229 3432 1328 3497 victus

195 3547 332 3624 mollior,
349 3555 448 3630 'pacta
459 3556 490 3609 et
503 3541 624 3609 foedera'
634 3543 774 3608 inienmt
788 3541 944 3623 homines,
960 3565 1051 3633 agros
1065 3544 1171 3630 partiti
1185 3555 1271 3623 sunt;
1296 3556 1328 3608 et

194 3656 409 3748 pulcherrimi,
432 3667 486 3720 aut
499 3655 669 3735 fortissimi,
687 3677 776 3745 reges
798 3657 959 3721 constituti
981 3667 1066 3734 sunt;
1090 3668 1123 3721 at
1136 3656 1234 3734 brevi,
1257 3655 1327 3720 ortis

195 3772 360 3848 seditione,
375 3765 548 3855 respublica
561 3768 698 3852 emersit,
714 3767 755 3860 ad
770 3789 833 3831 ver.
852 3773 944 3830 1160.
990 3765 1090 3832 XIII.
1108 3766 1198 3846 Inde,
1215 3767 1327 3832 adver.

202 3889 295 3946 raso.
311 3882 450 3968 ffimutot
464 3877 504 3944 de
519 3877 650 3944 deorum
664 3890 763 3957 metu,
778 3890 810 3943 et
825 3889 897 3942 ortu
911 3877 1082 3966 religione
1107 3899 1201 3964 quam
1214 3879 1330 3944 mnne

195 4005 329 4072 naturae,
353 4005 384 4058 et
406 4014 584 4058 caussarum
605 3991 811 4068 neutralium,
831 3991 1018 4079 ignorantiae
1043 4003 1202 4080 acceptam
1225 3990 1328 4056 refert.

197 4105 293 4172 XIV.
318 4103 401 4181 Quae
416 4116 597 4192 sequuntur,
610 4103 806 4169 metallorum
819 4093 938 4183 ortum,
953 4103 1070 4190 primas
1083 4103 1219 4170 bellandi
1233 4095 1327 4182 arte's,

197 4218 271 4282 artis
286 4216 444 4295 textrinae,
468 4216 677 4306 agriculturae,
700 4217 843 4294 musices,
866 4232 899 4281 et
920 4215 1051 4281 aliarum
1073 4217 1199 4294 artium,
1222 4228 1327 4289 ortum

198 4341 290 4416 atque
304 4348 502 4418 progressiun
517 4329 690 4410 continent,
707 4351 805 4416 usque
819 4325 860 4394 ad
873 4325 970 4394 linem
983 4326 1063 4394 libri.
