2990 5002
234 475 290 544 xiv
601 471 673 541 AD
706 471 1004 542 LECTOREM.

230 662 381 750 excipias,
396 661 436 728 de
449 659 511 750 qui
525 681 602 726 mox
617 659 746 730 diceba.
780 657 869 726 Nihil
876 662 972 752 igitur
984 661 1112 728 tandem
1121 683 1215 750 super
1228 674 1286 744 est,
1301 665 1373 732 nisi

230 789 267 842 ut
281 797 448 862 exponam,
464 773 576 862 quibus
591 771 726 860 denique
746 775 835 840 novis
860 774 1045 861 adjumentis
1068 775 1221 856 suffultus,
1247 778 1371 866 quibus

230 889 383 976 praeaidiis
396 889 561 965 arrimatus,
577 909 615 952 ac
628 885 767 966 vallatus,
783 889 914 974 ipsemet
927 887 969 954 ad
982 887 1044 954 hoc
1061 911 1176 955 munus
1189 911 1371 978 exsequen-

230 1003 317 1081 dum,
333 1024 428 1090 grave
441 999 593 1087 profecto,
603 998 743 1080 1ffi,
759 1013 791 1066 et
803 1001 1032 1084 aerumnosam!
1057 1003 1205 1070 accedere
1224 1025 1290 1068 non
1305 1025 1369 1070 ex-

230 1113 404 1201 palluerim.

272 1337 346 1402 Jam
360 1335 468 1402 decem
481 1336 545 1402 fere
559 1339 634 1402 anni
648 1339 726 1426 lapsi
749 1350 835 1417 sunt,
851 1361 892 1404 ex
913 1361 979 1427 quo
1004 1339 1100 1405 Fabri
1122 1339 1306 1406 Lucretium
1329 1365 1366 1408 e-

231 1452 355 1530 merim,
375 1449 486 1514 formae
499 1462 630 1537 quartae,
653 1473 752 1538 quum
773 1451 960 1520 bibliotheca
981 1454 1114 1518 Ricardi
1134 1453 1281 1533 Bentleii,
1306 1455 1366 1542 qui

232 1564 346 1628 summi
362 1563 494 1628 Bentleii
502 1563 694 1628 voluntatem
704 1566 969 1630 testamentariam
981 1575 1146 1630 exsecutus
1159 1576 1216 1644 est,
1227 1577 1259 1632 et
1271 1589 1366 1656 mag

228 1675 270 1740 nri
286 1699 326 1742 ex
339 1687 429 1762 parte
442 1676 593 1740 librorum
605 1675 820 1744 haereditatem
834 1678 923 1758 adiit,
948 1679 1092 1744 auctione
1112 1677 1237 1764 publicai
1251 1678 1363 1744 diven·
1484 1715 1485 1724 κ

226 1789 362 1857 deretur.
395 1787 540 1874 Hujusce
553 1790 739 1877 exemplaris
752 1791 864 1878 primae
874 1791 1007 1881 plagulae
1022 1791 1215 1856 notationem
1230 1813 1365 1880 sequen·

227 1911 292 1966 tem
306 1901 410 1966 nescio
424 1902 492 1988 quis
505 1901 654 1988 proefixit:

271 2132 295 2166 “
311 2123 379 2189 Hic
392 2125 470 2190 liber
491 2136 538 2190 est
551 2126 684 2189 Ricardi
699 2127 811 2190 Meae.-
834 2138 920 2191 notre
941 2148 1016 2190 vero
1032 2125 1132 2192 MSS.
1154 2127 1189 2192 in
1202 2128 1362 2216 margine,

227 2244 254 2281 “
269 2248 341 2300 sunt
355 2238 463 2322 magni
477 2237 557 2300 illius
571 2237 670 2302 critici
694 2238 842 2303 chennr
866 2238 1045 2318 Burman,
1069 2259 1111 2304 ex
1131 2239 1227 2326 ipsius
1249 2237 1364 2308 codice

227 2356 252 2392 ‘⁴
268 2347 466 2432 exscriptae.'’
1192 2375 1194 2382 ·

268 2570 328 2636 Vir
342 2591 475 2658 magnus
488 2570 649 2651 nimum,
664 2570 746 2638 inter
759 2591 876 2658 paucos
890 2569 1043 2638 doctrinae
1057 2573 1155 2660 copiis
1176 2575 1360 2655 instructus,

224 2683 280 2748 sed
293 2683 461 2771 sagacitate
474 2673 647 2762 subtiliore,
662 2695 694 2748 et
706 2683 877 2748 acutissimi
898 2684 1017 2772 ingenii
1037 2681 1262 2764 velocitatibus,
1277 2707 1360 2772 quo-

223 2794 298 2861 dem
308 2793 405 2859 modo
414 2794 487 2873 suis,
500 2771 680 2860 criticorum
690 2794 843 2874 omnium,
853 2816 905 2858 me
911 2793 1029 2880 judice,
1045 2795 1358 2880 praecellerrtissimus,

223 2907 389 2996 diligenter
409 2919 583 2972 versaverat
605 2905 804 2986 Lucretium
842 2907 897 2972 sed
918 2927 1020 2995 neque
1040 2907 1135 2973 libros
1156 2929 1253 2974 manu
1281 2929 1359 2974 exa-

222 3033 436 3107 remaneque
456 3021 605 3086 vetustius
626 3021 803 3110 impressos,
825 3021 947 3086 nnllam
961 3020 1098 3107 denique
1118 3033 1235 3106 praeter
1254 3043 1358 3086 mrum

227 3131 324 3198 Fabri
352 3131 541 3217 exemplare,
574 3129 697 3195 videtur
718 3131 918 3210 adhibuisse;
950 3153 1048 3218 quum
1070 3132 1183 3218 soepius
1207 3132 1358 3198 imitatio-

221 3244 427 3331 nespriorum
435 3245 599 3330 politorum
611 3243 748 3332 margini
759 3239 906 3322 aieverit,
919 3242 1076 3308 Lambino
1091 3255 1122 3310 et
1136 3243 1203 3310 aliis
1210 3247 1279 3332 jam
1294 3243 1357 3310 du-

221 3355 299 3420 dam
313 3367 489 3443 occupatas,
500 3376 572 3422 cum
582 3356 657 3422 locis
675 3357 861 3444 quibusdam
869 3356 1023 3445 Diogenis
1034 3355 1153 3421 Leiirtii
1168 3357 1355 3446 pervagatis.
1486 3413 1487 3436 ,

222 3467 518 3535 Animadversionea
531 3471 648 3557 itaque,
665 3493 741 3557 quas
752 3470 806 3560 ille
820 3469 1005 3558 coryphaeus
1027 3469 1206 3536 criticorum
1221 3467 1355 3534 subinde

221 3581 380 3666 sparserit,
398 3601 465 3646 non
478 3595 568 3649 erant
581 3581 734 3648 severiore
742 3582 863 3669 judicio
883 3605 1057 3670 perpensae,
1074 3581 1253 3648 secundisve
1267 3581 1353 3670 cogi·

221 3692 392 3758 rationibus
405 3705 583 3773 maturatoe3
607 3695 641 3758 in
655 3717 720 3760 uno
734 3706 839 3761 autem
850 3707 943 3783 atque
953 3695 1050 3760 altero
1060 3695 1130 3760 loco
1140 3715 1198 3781 per
1206 3713 1351 3773 acumen,
1483 3691 1484 3702 ’

220 3827 294 3872 vere
316 3805 547 3888 Bentleianum,
568 3809 658 3896 quasi
681 3808 829 3876 divinitm
850 3809 899 3873 vir
925 3828 1062 3874 summus
1087 3831 1154 3874 rem
1179 3805 1352 3894 expediritt

179 3991 181 3994 ¹
221 3939 292 4004 quoe
306 3940 363 3984 suo
377 3931 520 4007 tempore
540 3921 778 4008 comparebmrt3
808 3944 884 3987 nam
906 3943 1168 4008 supervacaneum
1189 3941 1254 4012 esse
1268 3917 1353 3984 arbi-
1484 3971 1485 3991 r

221 4040 355 4109 bantur,
378 4031 539 4098 immorari
560 4033 664 4114 rebus,
687 4035 722 4100 in
743 4035 846 4120 operis
868 4034 1001 4100 decursu
1021 4033 1149 4098 lectoris
1166 4033 1352 4098 sententiam

221 4140 380 4206 subituris:
412 4168 507 4232 quam
533 4144 649 4233 ubique
672 4145 828 4210 liberrime
846 4146 888 4211 de
912 4145 1025 4211 nostris
1051 4145 1190 4212 exerceri
1212 4144 1351 4209 velimus.

97 4325 99 4332 y
126 4339 128 4344 Ι
221 4251 308 4318 Vero
333 4253 459 4341 quidem
473 4257 572 4324 simile
585 4268 644 4338 est,
658 4268 749 4323 notas
769 4257 872 4344 plures
888 4257 1086 4324 Bentleianas
1100 4257 1135 4322 in
1153 4255 1349 4332 Lucretium,

217 4375 261 4432 et·
274 4364 491 4438 laboriosiores
513 4369 579 4440 illae
598 4381 692 4460 atque
716 4371 937 4462 castigatiores,
962 4370 996 4438 in
1022 4370 1166 4440 manibus
1189 4368 1351 4438 adhaerere
1474 4409 1485 4533 p
