2990 5002
241 492 267 544 x
598 469 671 537 sn
701 436 1000 536 anronnu.
1034 469 1038 484 ·

238 668 433 727 nestamento
445 655 601 724 fedissimo
615 653 730 734 futura,
746 665 778 720 et
791 654 932 742 paritura
938 674 1035 740 porro
1049 653 1180 724 tedium
1189 657 1374 729 lectoribus.
1479 717 1480 752 3

242 774 307 852 Sic,
333 771 468 858 exempli
492 768 605 860 gratis,
632 769 658 834 si
676 791 821 854 paeones
841 767 1038 834 offendissem
1060 790 1120 854 pro
1137 792 1315 854 puerorum
1340 787 1376 841 et

233 886 358 972 pesas
370 906 430 970 pro
438 886 564 970 pressis,
575 893 669 970 atque
678 882 806 968 hujusce
820 880 929 946 farinoe
943 881 1078 948 subinde
1092 882 1168 962 alia,
1182 884 1278 950 maluti
1292 909 1377 952 con·

238 999 393 1062 ticesoere:
416 996 504 1085 quod
517 995 615 1061 nihilo
628 995 732 1060 minus
745 993 942 1060 monendum
956 993 1070 1074 habeo,
1085 1017 1127 1060 ne
1140 997 1377 1083 pretiosissimis
1478 977 1480 1010 ⁴

237 1109 425 1198 qmbusdam
438 1109 638 1176 varietatibus
646 1107 972 1174 fraudatumselector
979 1109 1118 1174 curiosus
1126 1119 1224 1195 putet
1271 1109 1377 1178 Hanc
1479 1149 1480 1156 κ

235 1222 323 1310 prius
346 1221 527 1301 editionem,
551 1243 646 1310 quam
668 1219 746 1286 mihi
768 1219 832 1286 fors
846 1241 915 1286 eam
930 1219 1076 1286 obtulerit
1090 1243 1154 1288 aare
1166 1221 1298 1307 proprio
1319 1246 1376 1289 re-
1478 1233 1480 1300 l

236 1333 429 1414 dimendsm,
464 1335 499 1400 in
529 1356 614 1399 meos
639 1356 712 1399 usus
737 1331 990 1398 commodaverat
1018 1355 1059 1398 ex
1086 1331 1273 1398 bibliothecis
1303 1335 1374 1422 qius
1478 1367 1480 1410 ς

234 1444 513 1533 sumptuosissimi,
535 1444 837 1532 etexquisitissimis,
853 1466 947 1508 omne
960 1467 1071 1532 genus,
1087 1445 1172 1510 libris
1186 1445 1373 1532 adimpleta,
1479 1437 1480 1512 Ϊ

237 1559 399 1626 Cnsuron
416 1559 659 1624 Cnscnnnons:
681 1557 907 1646 viregregieet
922 1557 1373 1646 accuratedootsu,sedprop-
1470 1597 1480 1628 ·.

235 1682 285 1738 ar
298 1693 423 1736 morum
437 1670 622 1756 simplicium
636 1668 887 1734 anussssnsm
902 1669 1095 1747 suavitatem,
1111 1669 1372 1760 smmissnig.
1479 1643 1480 1710 ³

234 1784 366 1849 nitatem
379 1782 643 1848 hominemne
656 1779 1206 1870 ugnsm,10ngeuuusu0r;qusm
1220 1781 1369 1848 omnibus
1478 1761 1480 1768 ’

234 1896 362 1983 quidem
375 1895 557 1962 mortalibus
570 1895 662 1984 plene
675 1916 797 1981 semper
811 1894 898 1972 solet,
914 1893 992 1960 mihi
1015 1907 1121 1962 autem
1146 1895 1241 1960 etiam
1265 1917 1365 1981 pecu-

234 2007 362 2088 liariter,
376 2021 534 2095 praestare.
592 2062 596 2070 ,

275 2230 399 2316 Optimi
412 2231 551 2317 ejusdem
564 2231 622 2296 viri
635 2229 813 2296 humanitas
833 2249 886 2294 me
908 2228 1050 2306 devinxit
1063 2230 1191 2317 insuper
1205 2239 1365 2296 monstra

233 2342 320 2406 tione
338 2342 458 2408 Venetae
471 2343 626 2420 editionis,
642 2365 713 2429 quea
727 2342 819 2407 tertia
832 2352 889 2419 est,
905 2353 937 2406 et
950 2343 1134 2427 Hieronymi
1147 2342 1280 2408 Avarwii
1290 2340 1368 2408 curt

233 2466 401 2541 procurata
414 2453 532 2540 prodiit
544 2451 630 2540 apud
643 2453 767 2532 Abdara,
782 2464 902 2540 quartae
912 2452 1035 2532 formae,
1044 2477 1129 2520 anno
1139 2453 1189 2520 Μ.
1204 2454 1249 2520 D.
1266 2454 1368 2520 Mon·
1393 2483 1395 2491 ⁴

234 2567 384 2632 stratione
405 2567 471 2631 dixi
475 2593 486 2644 ς
509 2587 584 2630 nam
605 2587 678 2630 usus
699 2565 827 2630 ulterior
849 2587 1094 2652 supervacaneus
1119 2566 1236 2645 fiiisset,
1264 2589 1365 2653 quum

233 2677 418 2765 profiteatur
432 2677 545 2756 editor,
561 2700 594 2742 se
607 2678 728 2743 utillum
742 2678 900 2764 exemplar
921 2679 1085 2766 antiquum
1106 2677 1283 2744 adhibuisse
1297 2700 1366 2743 ma-

233 2811 280 2856 nu
294 2791 455 2876 scriptum,
471 2789 527 2856 sed
548 2789 787 2856 conformavisse
808 2802 929 2856 textum
943 2812 985 2855 ex
999 2791 1189 2867 Veronensi;
1212 2789 1366 2877 parallelis

232 2902 364 2967 aliorum
379 2903 565 2988 scriptorum
578 2903 664 2983 locis,
683 2926 754 2969 cum
770 2903 945 2970 Aristotelis
959 2903 1116 2990 operibus,
1132 2903 1258 2988 aliisque
1268 2902 1367 2989 scrip*

234 3014 273 3080 tis
287 3026 438 3094 veterum,
454 3016 488 3079 in
502 3015 675 3082 subsidium
688 3015 875 3081 convocatis.

278 3236 396 3304 Denuo
410 3237 492 3325 typis
514 3259 605 3303 cusus
628 3249 675 3304 est
698 3237 862 3302 Lueretius
889 3237 1031 3315 Venetiis,
1053 3237 1088 3300 in
1111 3235 1220 3302 iisdem
1242 3237 1363 3302 aedibus

235 3349 370 3429 AEdinis,
386 3347 486 3414 formd
500 3347 698 3426 duodecimi,
714 3371 798 3413 anno
814 3347 988 3414 M.D.XV.
1004 3369 1048 3413 ex
1067 3348 1247 3413 recensione
1268 3361 1362 3436 atque

234 3461 487 3549 castigationibus
501 3461 634 3524 Andreae
648 3459 820 3557 Naugerii:
843 3461 897 3548 qui
907 3459 1064 3526 nullorum
1078 3461 1198 3526 interea
1210 3459 1363 3524 librorum

236 3570 337 3637 MSS.
352 3571 498 3656 praesidio
512 3595 545 3636 se
558 3571 717 3638 suffultum
727 3595 792 3640 esse
800 3573 965 3660 praedicat3
990 3586 1021 3638 et
1035 3572 1230 3638 solummodo
1254 3582 1277 3612 ‘⁴
1293 3594 1365 3636 cur·

236 3691 261 3728 ‘⁴
277 3684 336 3748 sim
350 3681 475 3762 dicitur,
498 3695 627 3770 propter
648 3685 744 3771 ipsius
767 3687 997 3772 occupationes,
1021 3697 1053 3750 et
1077 3687 1288 3770 importunam
1303 3683 1363 3746 im-

236 3804 261 3840 “
276 3817 455 3882 pressorum
468 3793 707 3876 festinationem,
733 3809 839 3863 tamen
853 3807 1006 3876 accurate,
1022 3796 1239 3861 recensuisse.”

280 4017 335 4084 Ad
350 4019 473 4086 Aldinae
485 4019 598 4108 prioris
612 4041 756 4088 normam
769 4023 900 4092 Juntina
921 4021 1116 4108 potissimum
1130 4019 1303 4106 composita
1315 4017 1360 4080 vi-

236 4131 342 4211 detur3
366 4154 437 4220 quae
450 4133 551 4202 lucem
565 4133 642 4200 vidit
655 4136 820 4200 Florentiae
833 4156 918 4200 anno
943 4133 1122 4202 M.D.Xll.
1145 4132 1181 4196 in
1204 4129 1264 4218 qud
1289 4130 1361 4194 licet

236 4244 418 4313 exomendt
433 4247 543 4315 Petne
558 4251 713 4316 Candidus
734 4273 767 4317 se
790 4260 813 4293 ‘⁴
828 4250 954 4316 vetustis
976 4247 1205 4336 exemplaribus
1226 4244 1360 4312 collatis'’

234 4379 328 4428 nsum
341 4356 501 4448 gloriatin,
524 4375 556 4430 et
578 4363 712 4430 “obelis
732 4365 872 4430 Posteri
892 4365 1088 4450 Maedisque
1102 4372 1218 4427 temere
1232 4357 1360 4424 inducta
