2990 5002
652 454 928 593 LECTORI.

220 739 325 784 versus
354 717 511 784 Poimntis
532 737 652 795 omnes,
675 715 868 793 collatarum,
894 713 1017 808 lectoris
1038 716 1134 782 oculs
1156 717 1359 804 subjecimus.

221 855 371 944 Synopsis
385 855 447 932 illa,
472 876 548 920 cura
572 865 603 918 et
623 851 777 918 industria
789 853 849 917 viri
865 851 1042 918 Reverendi
1055 852 1187 919 Joannia
1202 853 1358 933 Gerardi,

221 992 344 1082 Siglsrii
368 989 505 1056 Romani
530 988 668 1067 editoris,
692 987 879 1074 consumpta,
902 1007 1024 1052 summa
1046 989 1136 1054 nobis
1157 989 1358 1069 liberalitate,

219 1150 284 1218 quo
306 1127 473 1214 perfectior
495 1139 527 1192 et
548 1127 688 1190 ornatior
709 1125 779 1192 hoec
800 1126 896 1191 editio
917 1125 1069 1212 prodiret,
1092 1149 1133 1192 ex
1153 1149 1238 1212 penu
1264 1126 1358 1196 ditia·

218 1267 298 1330 simo
313 1288 381 1343 suo,
405 1265 646 1342 subministrata,
670 1287 689 1331 a
703 1263 783 1332 Viro
799 1262 1166 1353 Nobilissimo,Con11rn
1183 1265 1361 1343 sennenn„

216 1402 377 1469 literarum
400 1400 625 1490 elegantiorem
647 1421 764 1479 amore,
790 1399 882 1464 simul
902 1412 996 1486 atque
1019 1381 1206 1486 pdtrooinio,
1229 1423 1357 1488 semper

218 1540 343 1628 insigni.

274 1811 386 1890 Notas,
410 1810 544 1898 denique
572 1821 738 1897 perpetuas
761 1811 820 1876 viri
843 1811 1034 1876 Criticorum
1055 1810 1257 1900 'sagatiseimi
1289 1808 1356 1875 Rr-

217 1947 514 2026 manturanen,
537 1969 614 2034 quas
635 1946 677 2012 ad
690 1971 762 2013 oras
786 1947 863 2014 libri-
879 1947 927 2012 sui
944 1947 1159 2034 adscripscrat,
1182 1970 1246 2034 quo
1271 1959 1353 2012 tem-

216 2107 294 2170 pore
314 2085 392 2170 ipse,
423 2096 460 2149 ut
480 2083 589 2163 fertur,
621 2084 762 2150 Lucretii
784 2086 955 2152 editionem
976 2109 1092 2151 novam
1113 2085 1284 2163 moliretur,
1307 2083 1352 2149 ad

217 2221 333 2288 calcem
355 2231 472 2286 nostrae
496 2221 706 2306 adposuimus.
752 2220 852 2288 Notas
874 2221 951 2299 illas,
974 2245 994 2286 a
1017 2221 1201 2296 Wakefield
1218 2220 1352 2305 saepissi·

217 2379 268 2421 me
282 2356 433 2435 laudatas,
451 2356 645 2443 carptimque
658 2357 692 2422 in
716 2357 966 2423 Commentarios
980 2378 1260 2445 suos,‚quanquam
1274 2367 1354 2422 tunc

216 2491 376 2592 temporis,
401 2492 456 2554 vix
481 2489 523 2556 ad
544 2502 702 2556 auctorem
729 2502 813 2556 certa
836 2493 1018 2558 auctoritate
1039 2491 1226 2571 referendas,
1250 2505 1354 2557 mms-

214 2626 304 2704 latas,
326 2647 444 2690 omnes
458 2625 648 2715 ingeniosas,
667 2625 792 2712 ¹multus
814 2625 912 2694 multa
927 2627 1078 2710 doctrina
1100 2627 1238 2707 refertas,
1265 2625 1353 2714 quod

214 2784 299 2828 nuno
316 2761 454 2866 (demum
475 2761 612 2849 integras
641 2772 673 2828 et
701 2764 865 2830 continuas
893 2764 928 2828 in
956 2763 1058 2844 lucem
1088 2763 1222 2854 proferri
1251 2762 1353 2828 contis·
1469 2759 1473 2813 i

216 2899 309 2988 gerit,
334 2895 450 2962 Musaei
471 2896 646 2964 Britannici
662 2897 853 2966 curatorum
867 2898 1054 2994 humanitati
1068 2899 1215 2978 debetur,
1236 2899 1354 2986 quippe

215 3033 376 3120 a‘quibus
397 3032 568 3124 liberaliter!
590 3056 735 3100 concessa
759 3035 887 3103 aculus
908 3037 973 3102 illas
1002 3033 1209 3114 exscribendi,
1233 3055 1274 3100 ex
1302 3034 1355 3118 ip-

218 3171 280 3236 sius
305 3168 438 3234 Bentleii
463 3168 558 3248 libro,
581 3169 803 3258 aTanaquitlo
826 3171 930 3238 Fabro
952 3171 1048 3251 edito,
1073 3169 1230 3251 Solmurii,
1254 3169 1352 3238 Anno
1474 3187 1475 3190 ’

217 3303 438 3374 MDCLXII.
453 3303 599 3391 quilibet
608 3305 676 3391 jam
690 3305 725 3372 in
740 3305 866 3372 Museo
880 3305 1024 3376 conditus
1039 3317 1188 3373 servatum.
1474 3303 1475 3316 ¹

279 3579 380 3646 Hisce
400 3575 467 3666 jam
491 3577 773 3661 Annotationibus,
802 3580 938 3670 reliquiis
962 3580 1239 3659 Viri'dootissimi,
1268 3599 1351 3644 uun·

217 3740 313 3806 quam
335 3717 401 3780 sinc
422 3716 595 3780 reverentia
619 3717 701 3782 inter
716 3717 838 3786 criticos
859 3716 1055 3794 nominandi,
1078 3739 1119 3782 ex
1139 3716 1235 3801 ipsius
1250 3714 1352 3780 sum

218 3849 339 3943 grapho
353 3852 396 3918 ad
409 3851 557 3918 amussim
572 3854 745 3944 ascriptis,
764 3857 901 3947 gaudeat
915 3857 1031 3924 Lector
1044 3851 1198 3920 emditua.

349 4163 551 4233 otaseum,
646 4164 673 4334 p

255 4261 325 4332 rpus
337 4262 552 4332 tralucente,
565 4272 640 4320 rara.
668 4321 669 4328 Ν
