2990 5002
485 485 555 554 AD
587 484 883 552 LECTOREM.
1209 488 1243 556 ix

92 669 188 742 ¹uem
218 693 384 742 utrumn
406 679 542 750 aarum
565 685 631 751 tam
651 693 778 759 paucos,
803 671 857 758 qui
878 693 938 758 pro
959 671 1077 738 meritis
1098 672 1243 740 admirati

116 789 177 854 sint
200 781 353 854 artificem
375 787 543 852 Musarum
566 785 913 863 eonsunnnatissinmm,
938 796 1063 870 etpost
1088 785 1241 868 Ennium,

116 901 213 986 (cujus
236 923 369 986 operum
384 897 507 986 jaetnrh
528 898 640 964 vulnus
652 899 746 988 longe
767 898 949 964 altissimum
964 909 995 962 et
1016 898 1243 966 immedicabile

114 1035 241 1099 prorsus
255 1009 434 1100 philologiae
449 1010 604 1076 inflictum
617 1017 676 1094 est)
698 1010 823 1076 Latinae
840 1012 969 1096 poliseos
991 1021 1165 1096 parentem:
1188 1011 1243 1076 sed

114 1125 211 1189 miror
225 1124 451 1202 vehementius,
467 1124 561 1188 etiam
575 1145 691 1208 paucos
705 1145 746 1188 ex
761 1123 798 1186 iis
819 1125 926 1208 paucis
939 1122 1078 1186 indolem
1092 1121 1162 1209 styli
1177 1123 1244 1190 Lu·

113 1238 245 1302 cretiani
259 1237 444 1323 percepisse:
467 1237 521 1300 vix
536 1235 631 1315 enim,
652 1235 846 1302 confidenter
868 1236 991 1323 loquor,
1015 1234 1064 1300 vel
1088 1257 1170 1300 unus
1194 1257 1244 1300 rc·

112 1350 253 1434 periatur
263 1347 443 1414 criticorum
456 1345 600 1412 doctrinis
622 1346 906 1426 celeberrimorum,
921 1348 976 1433 qui
989 1346 1109 1412 felicem
1122 1348 1157 1411 in
1171 1366 1259 1414 eum
1361 1343 1364 1356 '

112 1459 326 1546 conjecturam
339 1459 534 1545 periclitatus·
549 1458 602 1522 sit:
622 1457 709 1546 quod
722 1459 757 1523 in
770 1459 873 1544 operis
894 1458 1038 1538 decmsu,
1054 1469 1086 1524 et
1106 1460 1245 1526 maxime

113 1571 296 1652 incredulis,
312 1571 513 1660 liquidissime
525 1570 654 1658 patebit.

155 1797 329 1878 Caeterum,
345 1809 381 1866 nt
394 1815 466 1870 mea
477 1800 513 1863 in
526 1797 588 1863 hoc
604 1797 708 1864 officio
729 1797 886 1884 explendo
908 1797 1044 1864 subsidia
1065 1797 1243 1886 singillatim

111 1930 296 1996 persequar3
325 1911 491 1978 Lucretius
513 1923 618 1976 noster
639 1911 777 1995 primum
798 1922 870 1994 post
893 1921 1014 1974 renatas
1036 1909 1139 2004 literas
1162 1909 1244 1996 typis
1272 1911 1292 1948 '-

111 2021 275 2110 evulgatus
292 2036 339 2088 est
357 2025 504 2099 Bresmae,
530 2043 587 2106 per
611 2023 812 2100 Ferendum,
840 2023 906 2086 sine
920 2022 995 2086 armi
1009 2021 1179 2091 mentione:
1203 2023 1245 2087 dc

110 2153 176 2217 quo
187 2133 270 2198 libro
284 2144 390 2196 tamen
401 2121 538 2194 inaudiri
549 2141 672 2196 tantum
685 2131 725 2197 ab
736 2131 914 2198 hominibus
925 2149 1030 2198 rerum
1042 2132 1246 2222 typographi·

109 2264 236 2320 carum,
260 2254 292 2308 et
305 2243 528 2330 exemplarium
542 2255 692 2322 veterum,
717 2244 946 2310 callentissimis.
991 2245 1134 2333 Hujuece
1154 2247 1245 2312 editi·

109 2353 184 2418 onis
201 2375 243 2418 ne
256 2377 353 2418 unum
367 2355 525 2441 exemplar
539 2355 665 2442 quidem
690 2357 724 2421 in
740 2357 855 2448 anglie
877 2359 1025 2424 asservari
1039 2358 1188 2425 creditur:
1213 2369 1245 2422 et

111 2464 152 2529 de
173 2464 225 2530 itte
240 2466 320 2531 nihil
332 2465 463 2556 amphus
484 2470 638 2555 comperti
651 2483 767 2536 memet
780 2471 895 2538 habere
909 2472 1016 2538 fateor.
1062 2470 1183 2538 Lucem
1197 2471 1243 2536 vi-

88 2672 90 2683 ·
112 2575 194 2643 disse
207 2578 388 2665 perhibetur
401 2580 486 2646 circa
499 2603 618 2646 aunum
629 2580 737 2647 'salutis
758 2581 1091 2649 mccccmxxn.

156 2800 266 2868 Editio
281 2803 427 2882 munda,
443 2803 577 2884 infolio,
599 2827 671 2893 quae
693 2805 787 2894 vulgo
808 2806 952 2892 princeps
973 2805 1178 2884 existimatur,
1200 2805 1243 2869 ad

115 2909 231 2978 calcem
246 2915 289 2980 sic
303 2915 453 3000 inscripta
467 2927 524 2996 eet:
1047 2920 1051 2926 '

289 3141 307 3168 “
319 3141 351 3196 T.
363 3137 482 3194 Lucretii
493 3137 565 3206 Cari,
576 3141 666 3212 poeta
676 3137 881 3212 philosophique
893 3137 1066 3213 antiquissimi

290 3237 306 3264 “
318 3237 363 3290 De
374 3251 461 3292 rerum
473 3234 618 3306 primordia
629 3235 723 3290 nature
735 3235 770 3289 ad
782 3236 938 3292 Memmium

289 3332 306 3358 “
318 3330 398 3384 Liber
410 3339 502 3386 sextus
514 3339 542 3384 et
553 3329 662 3388 tdtimus
674 3330 784 3402 explicit
794 3329 925 3388 foeliciter.

291 3424 308 3450 “
321 3425 418 3478 Paulus
430 3424 501 3478 hunc
511 3424 645 3496 impressit
656 3427 849 3498 Fridenperger
860 3427 889 3479 in
905 3425 1011 3490 Vermui,

290 3518 307 3545 “
322 3517 376 3587 Qui
386 3517 491 3586 genitus
501 3525 542 3572 eet
553 3517 582 3570 in
594 3519 770 3576 Pandente
782 3539 887 3591 magrroe.

288 3613 306 3640 “
317 3611 361 3666 Ab
372 3611 555 3668 incarnatione
567 3613 678 3670 Christis
698 3615 974 3672 Mccccnxxxvr

288 3707 307 3734 “
319 3705 374 3762 nie
385 3706 512 3778 vigesimo
524 3717 620 3764 octavo
632 3709 787 3782 septembris
799 3711 883 3767 calcu.
894 3711 1038 3772 octobria”

118 3933 221 4011 Quam
235 3939 275 4004 sit
296 3942 382 4006 omni
396 3963 511 4040 genere
536 3943 782 4030 corruptelarum
804 3943 1020 4044 refertissimus
1041 3938 1129 4003 hicce
1148 3937 1237 4044 liber,

116 4049 253 4136 apprime
268 4045 372 4118 tamen
393 4054 583 4134 utilissimus,
606 4067 713 4120 nostra
734 4056 903 4121 lectionum
924 4054 1080 4119 variarum
1101 4056 1239 4120 recensio

27 4169 28 4192 ¹
117 4163 184 4226 satis
198 4161 357 4230 indicabit
403 4165 575 4252 Aliquoties
583 4165 735 4253 profecto,
744 4167 799 4232 sed
812 4148 978 4244 rarissime,
993 4163 1068 4228 vitia
1082 4165 1238 4251 quadam,

83 4307 88 4320 ·
117 4265 205 4361 longe
219 4277 416 4356 crassissima,
439 4278 577 4364 prudens
599 4279 720 4344 silentio
741 4279 893 4366 praeterii3
918 4277 1037 4342 nullum
1059 4278 1188 4341 omnino
1203 4301 1240 4342 u-

27 4371 34 4546 p
118 4400 184 4450 sum
196 4379 352 4469 habitura,
368 4389 422 4456 sed
434 4390 531 4456 nitori
545 4401 723 4458 nostrarum
737 4391 933 4458 solummodo
943 4391 1129 4484 paginarum
1143 4387 1239 4456 deho-
