<?xml version="1.0" encoding="UTF-8"?>
<!DOCTYPE html PUBLIC "-//W3C//DTD XHTML 1.0 Transitional//EN"
    "http://www.w3.org/TR/xhtml1/DTD/xhtml1-transitional.dtd">
<html xmlns="http://www.w3.org/1999/xhtml" xml:lang="en" lang="en">
 <head>
  <title>
</title>
<meta http-equiv="Content-Type" content="text/html;charset=utf-8" />
  <meta name='ocr-system' content='tesseract 3.04.00' />
  <meta name='ocr-capabilities' content='ocr_page ocr_carea ocr_par ocr_line ocrx_word'/>
</head>
<body>
  <div class='ocr_page' id='page_1' title='image "./tlucretiicaride03bentgoog_0044.png"; bbox 0 0 2990 5002; ppageno 0'>
   <div class='ocr_carea' id='block_1_1' title="bbox 505 492 1267 567">
    <p class='ocr_par' dir='ltr' id='par_1_1' title="bbox 505 492 1267 567">
     <span class='ocr_line' id='line_1_1' title="bbox 505 492 1267 567; baseline -0.004 -2"><span class='ocrx_word' id='word_1_1' title='bbox 505 497 575 565; x_wconf 84' lang='lat' dir='ltr'><strong>DE</strong></span> <span class='ocrx_word' id='word_1_2' title='bbox 599 492 880 566; x_wconf 87' lang='lat' dir='ltr'><strong>LUCRETIO.</strong></span> <span class='ocrx_word' id='word_1_3' title='bbox 1185 499 1267 567; x_wconf 85' lang='lat' dir='ltr'>xxix</span> 
     </span>
    </p>
   </div>
   <div class='ocr_carea' id='block_1_2' title="bbox 340 715 1067 888">
    <p class='ocr_par' dir='ltr' id='par_1_2' title="bbox 340 715 1067 888">
     <span class='ocr_line' id='line_1_2' title="bbox 340 715 1067 888; baseline -0.004 -41"><span class='ocrx_word' id='word_1_4' title='bbox 340 772 383 847; x_wconf 88' lang='lat' dir='ltr'><strong>c.</strong></span> <span class='ocrx_word' id='word_1_5' title='bbox 410 715 669 848; x_wconf 73' lang='lat' dir='ltr'><strong>numnius</strong></span> <span class='ocrx_word' id='word_1_6' title='bbox 703 749 1067 888; x_wconf 69' lang='lat' dir='ltr'><strong>susurremus,</strong></span> 
     </span>
    </p>
   </div>
   <div class='ocr_carea' id='block_1_3' title="bbox 446 967 958 1076">
    <p class='ocr_par' dir='ltr' id='par_1_3' title="bbox 446 967 958 1076">
     <span class='ocr_line' id='line_1_3' title="bbox 446 967 958 1076; baseline -0.002 -18"><span class='ocrx_word' id='word_1_7' title='bbox 446 985 622 1058; x_wconf 79' lang='lat' dir='ltr'><strong>Historioe</strong></span> <span class='ocrx_word' id='word_1_8' title='bbox 639 967 823 1076; x_wconf 70' lang='lat' dir='ltr'><strong>Romatio,</strong></span> <span class='ocrx_word' id='word_1_9' title='bbox 841 984 879 1058; x_wconf 77' lang='lat' dir='ltr'><strong>ii.</strong></span> <span class='ocrx_word' id='word_1_10' title='bbox 899 991 958 1058; x_wconf 84' lang='lat'><strong>36.</strong></span> 
     </span>
    </p>
   </div>
   <div class='ocr_carea' id='block_1_4' title="bbox 132 1193 1269 1504">
    <p class='ocr_par' dir='ltr' id='par_1_4' title="bbox 132 1193 1269 1504">
     <span class='ocr_line' id='line_1_4' title="bbox 176 1193 1269 1283; baseline 0.003 -26"><span class='ocrx_word' id='word_1_11' title='bbox 176 1193 262 1270; x_wconf 83' lang='lat' dir='ltr'><strong>Quis</strong></span> <span class='ocrx_word' id='word_1_12' title='bbox 277 1195 361 1258; x_wconf 89' lang='lat' dir='ltr'><strong>enim</strong></span> <span class='ocrx_word' id='word_1_13' title='bbox 382 1194 702 1283; x_wconf 57' lang='lat' dir='ltr'><strong>ignom-floruisse</strong></span> <span class='ocrx_word' id='word_1_14' title='bbox 723 1195 784 1260; x_wconf 89' lang='lat' dir='ltr'><strong>hoc</strong></span> <span class='ocrx_word' id='word_1_15' title='bbox 807 1206 1131 1280; x_wconf 79' lang='lat' dir='ltr'><strong>tempore-suctores</strong></span> <span class='ocrx_word' id='word_1_16' title='bbox 1158 1195 1269 1260; x_wconf 80' lang='lat' dir='ltr'><strong>carmi-</strong></span> 
     </span>
     <span class='ocr_line' id='line_1_5' title="bbox 132 1301 1266 1393; baseline 0.002 -25"><span class='ocrx_word' id='word_1_17' title='bbox 132 1327 223 1384; x_wconf 89' lang='lat' dir='ltr'><strong>num,</strong></span> <span class='ocrx_word' id='word_1_18' title='bbox 249 1305 424 1372; x_wconf 83' lang='lat' dir='ltr'><strong>Varronem</strong></span> <span class='ocrx_word' id='word_1_19' title='bbox 439 1331 475 1372; x_wconf 84' lang='lat' dir='ltr'><strong>ac</strong></span> <span class='ocrx_word' id='word_1_20' title='bbox 497 1301 717 1385; x_wconf 80' lang='lat' dir='ltr'><strong>Lucnurrunu3</strong></span> <span class='ocrx_word' id='word_1_21' title='bbox 748 1329 849 1393; x_wconf 93' lang='lat' dir='ltr'><strong>neque</strong></span> <span class='ocrx_word' id='word_1_22' title='bbox 870 1305 932 1372; x_wconf 91' lang='lat' dir='ltr'><strong>ullo</strong></span> <span class='ocrx_word' id='word_1_23' title='bbox 953 1307 987 1370; x_wconf 93' lang='lat' dir='ltr'><strong>in</strong></span> <span class='ocrx_word' id='word_1_24' title='bbox 1008 1307 1141 1393; x_wconf 89' lang='lat' dir='ltr'><strong>suscepti</strong></span> <span class='ocrx_word' id='word_1_25' title='bbox 1163 1307 1266 1392; x_wconf 86' lang='lat' dir='ltr'><strong>operis</strong></span> 
     </span>
     <span class='ocr_line' id='line_1_6' title="bbox 132 1417 889 1504; baseline 0.003 -24"><span class='ocrx_word' id='word_1_26' title='bbox 132 1419 179 1482; x_wconf 83' lang='lat' dir='ltr'><strong>sui</strong></span> <span class='ocrx_word' id='word_1_27' title='bbox 195 1419 336 1483; x_wconf 84' lang='lat' dir='ltr'><strong>camnine</strong></span> <span class='ocrx_word' id='word_1_28' title='bbox 351 1417 383 1504; x_wconf 87' lang='lat' dir='ltr'><strong>(f.</strong></span> <span class='ocrx_word' id='word_1_29' title='bbox 398 1419 536 1502; x_wconf 81' lang='lat' dir='ltr'><strong>stamine)</strong></span> <span class='ocrx_word' id='word_1_30' title='bbox 551 1418 706 1484; x_wconf 89' lang='lat' dir='ltr'><strong>minorem</strong></span> <span class='ocrx_word' id='word_1_31' title='bbox 723 1417 889 1484; x_wconf 83' lang='lat' dir='ltr'><strong>Catullum.</strong></span> 
     </span>
    </p>
   </div>
   <div class='ocr_carea' id='block_1_5' title="bbox 422 1614 979 1694">
    <p class='ocr_par' dir='ltr' id='par_1_5' title="bbox 422 1614 979 1694">
     <span class='ocr_line' id='line_1_7' title="bbox 422 1614 979 1694; baseline 0.002 -5"><span class='ocrx_word' id='word_1_32' title='bbox 422 1614 468 1690; x_wconf 89' lang='lat' dir='ltr'><strong>L.</strong></span> <span class='ocrx_word' id='word_1_33' title='bbox 504 1614 736 1694; x_wconf 87' lang='lat' dir='ltr'>ANNAEUS</span> <span class='ocrx_word' id='word_1_34' title='bbox 772 1614 979 1692; x_wconf 85' lang='lat' dir='ltr'><strong>SENECA</strong></span> 
     </span>
    </p>
   </div>
   <div class='ocr_carea' id='block_1_6' title="bbox 166 1824 1265 1901">
    <p class='ocr_par' dir='ltr' id='par_1_6' title="bbox 166 1824 1265 1901">
     <span class='ocr_line' id='line_1_8' title="bbox 166 1824 1265 1901; baseline 0 -19"><span class='ocrx_word' id='word_1_35' title='bbox 166 1827 347 1886; x_wconf 86' lang='lat' dir='ltr'>LUCRETII</span> <span class='ocrx_word' id='word_1_36' title='bbox 358 1827 442 1884; x_wconf 85' lang='lat' dir='ltr'><strong>nostri</strong></span> <span class='ocrx_word' id='word_1_37' title='bbox 453 1827 580 1896; x_wconf 85' lang='lat' dir='ltr'><strong>meminit,</strong></span> <span class='ocrx_word' id='word_1_38' title='bbox 597 1829 645 1884; x_wconf 90' lang='lat' dir='ltr'><strong>sed</strong></span> <span class='ocrx_word' id='word_1_39' title='bbox 656 1827 723 1884; x_wconf 83' lang='lat' dir='ltr'><strong>citra</strong></span> <span class='ocrx_word' id='word_1_40' title='bbox 733 1831 847 1901; x_wconf 74' lang='lat' dir='ltr'><strong>poiseos</strong></span> <span class='ocrx_word' id='word_1_41' title='bbox 856 1824 899 1885; x_wconf 85' lang='lat' dir='ltr'><strong>vel</strong></span> <span class='ocrx_word' id='word_1_42' title='bbox 911 1824 1026 1896; x_wconf 81' lang='lat' dir='ltr'><strong>laudem,</strong></span> <span class='ocrx_word' id='word_1_43' title='bbox 1044 1827 1087 1886; x_wconf 83' lang='lat' dir='ltr'><strong>vel</strong></span> <span class='ocrx_word' id='word_1_44' title='bbox 1097 1826 1265 1900; x_wconf 83' lang='lat' dir='ltr'><strong>vituperium,</strong></span> 
     </span>
    </p>
   </div>
   <div class='ocr_carea' id='block_1_7' title="bbox 22 1921 813 1997">
    <p class='ocr_par' dir='ltr' id='par_1_7' title="bbox 22 1921 813 1997">
     <span class='ocr_line' id='line_1_9' title="bbox 22 1921 813 1997; baseline 0.003 -21"><span class='ocrx_word' id='word_1_45' title='bbox 22 1947 23 1964; x_wconf 55' lang='lat' dir='ltr'><strong>r</strong></span> <span class='ocrx_word' id='word_1_46' title='bbox 133 1921 167 1978; x_wconf 74' lang='lat' dir='ltr'><strong>sle</strong></span> <span class='ocrx_word' id='word_1_47' title='bbox 179 1924 316 1997; x_wconf 82' lang='lat' dir='ltr'><strong>tranquill.</strong></span> <span class='ocrx_word' id='word_1_48' title='bbox 324 1925 404 1979; x_wconf 85' lang='lat' dir='ltr'><strong>anim.</strong></span> <span class='ocrx_word' id='word_1_49' title='bbox 416 1932 482 1979; x_wconf 86' lang='lat' dir='ltr'><strong>sect.</strong></span> <span class='ocrx_word' id='word_1_50' title='bbox 493 1934 518 1979; x_wconf 79' lang='lat'><strong>2.</strong></span> <span class='ocrx_word' id='word_1_51' title='bbox 530 1924 597 1978; x_wconf 88' lang='lat' dir='ltr'><strong>etin</strong></span> <span class='ocrx_word' id='word_1_52' title='bbox 609 1924 686 1996; x_wconf 80' lang='lat' dir='ltr'><strong>epist.</strong></span> <span class='ocrx_word' id='word_1_53' title='bbox 698 1941 757 1979; x_wconf 88' lang='lat' dir='ltr'><strong>xcv.</strong></span> <span class='ocrx_word' id='word_1_54' title='bbox 770 1941 813 1978; x_wconf 88' lang='lat' dir='ltr'><strong>cx.</strong></span> 
     </span>
    </p>
   </div>
   <div class='ocr_carea' id='block_1_8' title="bbox 257 2101 1152 2178">
    <p class='ocr_par' dir='ltr' id='par_1_8' title="bbox 257 2065 1152 2204">
     <span class='ocr_line' id='line_1_10' title="bbox 257 2101 1152 2178; baseline -0.001 0"><span class='ocrx_word' id='word_1_55' title='bbox 257 2105 301 2178; x_wconf 84' lang='lat' dir='ltr'><strong>o.</strong></span> <span class='ocrx_word' id='word_1_56' title='bbox 336 2101 546 2177; x_wconf 73' lang='lat' dir='ltr'><strong>eminus</strong></span> <span class='ocrx_word' id='word_1_57' title='bbox 583 2101 844 2178; x_wconf 78' lang='lat' dir='ltr'><strong>cmcrmns</strong></span> <span class='ocrx_word' id='word_1_58' title='bbox 879 2101 1152 2178; x_wconf 79' lang='lat' dir='ltr'><strong>sucunnus</strong></span> 
     </span>
    </p>
   </div>
   <div class='ocr_carea' id='block_1_9' title="bbox 170 2312 1266 2389">
    <p class='ocr_par' dir='ltr' id='par_1_9' title="bbox 170 2312 1266 2389">
     <span class='ocr_line' id='line_1_11' title="bbox 170 2312 1266 2389; baseline 0 -19"><span class='ocrx_word' id='word_1_59' title='bbox 170 2313 290 2370; x_wconf 87' lang='lat' dir='ltr'><strong>Similem</strong></span> <span class='ocrx_word' id='word_1_60' title='bbox 301 2314 477 2370; x_wconf 88' lang='lat' dir='ltr'><strong>LUCRETII</strong></span> <span class='ocrx_word' id='word_1_61' title='bbox 487 2313 647 2370; x_wconf 86' lang='lat' dir='ltr'><strong>mentionem</strong></span> <span class='ocrx_word' id='word_1_62' title='bbox 658 2313 721 2370; x_wconf 87' lang='lat' dir='ltr'><strong>fecit</strong></span> <span class='ocrx_word' id='word_1_63' title='bbox 736 2313 765 2370; x_wconf 90' lang='lat' dir='ltr'><strong>iu</strong></span> <span class='ocrx_word' id='word_1_64' title='bbox 781 2314 857 2386; x_wconf 84' lang='lat' dir='ltr'><strong>epist.</strong></span> <span class='ocrx_word' id='word_1_65' title='bbox 877 2313 912 2370; x_wconf 89' lang='lat' dir='ltr'><strong>ir.</strong></span> <span class='ocrx_word' id='word_1_66' title='bbox 926 2325 966 2371; x_wconf 85' lang='lat'><strong>18.</strong></span> <span class='ocrx_word' id='word_1_67' title='bbox 982 2325 1013 2370; x_wconf 93' lang='lat' dir='ltr'><strong>ut</strong></span> <span class='ocrx_word' id='word_1_68' title='bbox 1023 2315 1096 2389; x_wconf 91' lang='lat' dir='ltr'><strong>prior</strong></span> <span class='ocrx_word' id='word_1_69' title='bbox 1110 2312 1266 2372; x_wconf 75' lang='lat' dir='ltr'><strong>Avunculus</strong></span> 
     </span>
    </p>
   </div>
   <div class='ocr_carea' id='block_1_10' title="bbox 22 2401 1266 2573">
    <p class='ocr_par' dir='ltr' id='par_1_10' title="bbox 22 2401 1266 2573">
     <span class='ocr_line' id='line_1_12' title="bbox 22 2401 1266 2483; baseline 0.003 -21"><span class='ocrx_word' id='word_1_70' title='bbox 22 2401 23 2408; x_wconf 60' lang='lat'><em>&#39;</em></span> <span class='ocrx_word' id='word_1_71' title='bbox 131 2409 200 2479; x_wconf 86' lang='lat' dir='ltr'><strong>ejus,</strong></span> <span class='ocrx_word' id='word_1_72' title='bbox 212 2408 294 2464; x_wconf 82' lang='lat' dir='ltr'><strong>Caius</strong></span> <span class='ocrx_word' id='word_1_73' title='bbox 306 2408 416 2476; x_wconf 79' lang='lat' dir='ltr'><strong>Plinius,</strong></span> <span class='ocrx_word' id='word_1_74' title='bbox 427 2409 455 2462; x_wconf 85' lang='lat' dir='ltr'><strong>in</strong></span> <span class='ocrx_word' id='word_1_75' title='bbox 473 2408 613 2480; x_wconf 84' lang='lat' dir='ltr'><strong>praemissis</strong></span> <span class='ocrx_word' id='word_1_76' title='bbox 625 2408 706 2466; x_wconf 79' lang='lat' dir='ltr'><strong>linx.</strong></span> <span class='ocrx_word' id='word_1_77' title='bbox 724 2405 850 2466; x_wconf 80' lang='lat' dir='ltr'><strong>Historiae</strong></span> <span class='ocrx_word' id='word_1_78' title='bbox 861 2409 1011 2477; x_wconf 70' lang='lat' dir='ltr'><strong>Naturalist</strong></span> <span class='ocrx_word' id='word_1_79' title='bbox 1032 2429 1091 2483; x_wconf 83' lang='lat' dir='ltr'><strong>quae</strong></span> <span class='ocrx_word' id='word_1_80' title='bbox 1109 2420 1198 2468; x_wconf 81' lang='lat' dir='ltr'><strong>tumen</strong></span> <span class='ocrx_word' id='word_1_81' title='bbox 1210 2426 1266 2466; x_wconf 79' lang='lat' dir='ltr'><strong>sus·</strong></span> 
     </span>
     <span class='ocr_line' id='line_1_13' title="bbox 22 2504 485 2573; baseline 0.013 -17"><span class='ocrx_word' id='word_1_82' title='bbox 22 2527 23 2536; x_wconf 22' lang='grc' dir='ltr'><strong>κ</strong></span> <span class='ocrx_word' id='word_1_83' title='bbox 134 2514 223 2573; x_wconf 80' lang='lat' dir='ltr'><strong>pectae</strong></span> <span class='ocrx_word' id='word_1_84' title='bbox 236 2514 298 2561; x_wconf 87' lang='lat' dir='ltr'><strong>suut</strong></span> <span class='ocrx_word' id='word_1_85' title='bbox 310 2504 485 2562; x_wconf 75' lang='lat' dir='ltr'><strong>auctoritatis.</strong></span> 
     </span>
    </p>
   </div>
   <div class='ocr_carea' id='block_1_11' title="bbox 324 2684 1118 3000">
    <p class='ocr_par' dir='ltr' id='par_1_11' title="bbox 324 2684 1118 3000">
     <span class='ocr_line' id='line_1_14' title="bbox 324 2684 1118 2776; baseline 0.004 -17"><span class='ocrx_word' id='word_1_86' title='bbox 324 2684 381 2760; x_wconf 93' lang='lat' dir='ltr'><strong>M.</strong></span> <span class='ocrx_word' id='word_1_87' title='bbox 418 2685 606 2761; x_wconf 86' lang='lat' dir='ltr'><strong>FABIUS</strong></span> <span class='ocrx_word' id='word_1_88' title='bbox 641 2685 1080 2776; x_wconf 86' lang='lat' dir='ltr'><strong>QUINCTILIANUS‚</strong></span> <span class='ocrx_word' id='word_1_89' title='bbox 1116 2709 1118 2716; x_wconf 79' lang='grc'><em>’</em></span> 
     </span>
     <span class='ocr_line' id='line_1_15' title="bbox 415 2896 992 3000; baseline -0.005 -28"><span class='ocrx_word' id='word_1_90' title='bbox 415 2900 479 2972; x_wconf 83' lang='lat' dir='ltr'><strong>Dc</strong></span> <span class='ocrx_word' id='word_1_91' title='bbox 492 2896 706 2972; x_wconf 80' lang='lat' dir='ltr'><strong>institutione</strong></span> <span class='ocrx_word' id='word_1_92' title='bbox 722 2896 896 2988; x_wconf 68' lang='lat' dir='ltr'><strong>protolici,</strong></span> <span class='ocrx_word' id='word_1_93' title='bbox 914 2897 938 2969; x_wconf 80' lang='lat' dir='ltr'><strong>l.</strong></span> <span class='ocrx_word' id='word_1_94' title='bbox 956 2909 992 3000; x_wconf 77' lang='lat'><strong>4.</strong></span> 
     </span>
    </p>
   </div>
   <div class='ocr_carea' id='block_1_12' title="bbox 137 3104 1267 3642">
    <p class='ocr_par' dir='ltr' id='par_1_12' title="bbox 137 3104 1267 3642">
     <span class='ocr_line' id='line_1_16' title="bbox 179 3104 1266 3195; baseline 0.002 -25"><span class='ocrx_word' id='word_1_95' title='bbox 179 3104 251 3170; x_wconf 89' lang='lat' dir='ltr'><strong>Nec</strong></span> <span class='ocrx_word' id='word_1_96' title='bbox 265 3106 375 3194; x_wconf 83' lang='lat' dir='ltr'><strong>ignara</strong></span> <span class='ocrx_word' id='word_1_97' title='bbox 383 3105 589 3193; x_wconf 73' lang='lat' dir='ltr'><strong>philosophiae</strong></span> <span class='ocrx_word' id='word_1_98' title='bbox 598 3106 812 3195; x_wconf 84' lang='lat' dir='ltr'><strong>(grauunatice</strong></span> <span class='ocrx_word' id='word_1_99' title='bbox 824 3117 927 3192; x_wconf 87' lang='lat' dir='ltr'><strong>potest</strong></span> <span class='ocrx_word' id='word_1_100' title='bbox 940 3128 1005 3172; x_wconf 88' lang='lat' dir='ltr'><strong>esse</strong></span> <span class='ocrx_word' id='word_1_101' title='bbox 1019 3105 1178 3193; x_wconf 84' lang='lat' dir='ltr'><strong>perfecta),</strong></span> <span class='ocrx_word' id='word_1_102' title='bbox 1194 3129 1266 3172; x_wconf 83' lang='lat' dir='ltr'><strong>crun</strong></span> 
     </span>
     <span class='ocr_line' id='line_1_17' title="bbox 137 3217 1266 3310; baseline 0.002 -30"><span class='ocrx_word' id='word_1_103' title='bbox 137 3228 267 3303; x_wconf 85' lang='lat' dir='ltr'><strong>propter</strong></span> <span class='ocrx_word' id='word_1_104' title='bbox 287 3217 437 3303; x_wconf 88' lang='lat' dir='ltr'><strong>plurimos</strong></span> <span class='ocrx_word' id='word_1_105' title='bbox 458 3221 491 3283; x_wconf 92' lang='lat' dir='ltr'><strong>in</strong></span> <span class='ocrx_word' id='word_1_106' title='bbox 513 3219 658 3284; x_wconf 91' lang='lat' dir='ltr'><strong>omnibus</strong></span> <span class='ocrx_word' id='word_1_107' title='bbox 685 3219 749 3284; x_wconf 87' lang='lat' dir='ltr'><strong>fere</strong></span> <span class='ocrx_word' id='word_1_108' title='bbox 774 3218 961 3284; x_wconf 79' lang='lat' dir='ltr'><strong>carminibus</strong></span> <span class='ocrx_word' id='word_1_109' title='bbox 986 3219 1070 3310; x_wconf 80' lang='lat' dir='ltr'><strong>locos</strong></span> <span class='ocrx_word' id='word_1_110' title='bbox 1092 3243 1132 3283; x_wconf 87' lang='lat' dir='ltr'><strong>ex</strong></span> <span class='ocrx_word' id='word_1_111' title='bbox 1155 3217 1266 3282; x_wconf 80' lang='lat' dir='ltr'><strong>intimi</strong></span> 
     </span>
     <span class='ocr_line' id='line_1_18' title="bbox 139 3328 1267 3416; baseline 0.002 -25"><span class='ocrx_word' id='word_1_112' title='bbox 139 3328 348 3413; x_wconf 85' lang='lat' dir='ltr'><strong>quaestionum</strong></span> <span class='ocrx_word' id='word_1_113' title='bbox 375 3332 562 3396; x_wconf 80' lang='lat' dir='ltr'><strong>naturalium</strong></span> <span class='ocrx_word' id='word_1_114' title='bbox 584 3331 750 3397; x_wconf 70' lang='lat' dir='ltr'><strong>subtilitate</strong></span> <span class='ocrx_word' id='word_1_115' title='bbox 778 3333 936 3416; x_wconf 89' lang='lat' dir='ltr'><strong>repetitos,</strong></span> <span class='ocrx_word' id='word_1_116' title='bbox 966 3343 1034 3396; x_wconf 87' lang='lat' dir='ltr'><strong>tum</strong></span> <span class='ocrx_word' id='word_1_117' title='bbox 1062 3330 1111 3394; x_wconf 86' lang='lat' dir='ltr'><strong>rel</strong></span> <span class='ocrx_word' id='word_1_118' title='bbox 1138 3340 1267 3416; x_wconf 87' lang='lat' dir='ltr'><strong>propter</strong></span> 
     </span>
     <span class='ocr_line' id='line_1_19' title="bbox 141 3435 1264 3526; baseline 0.005 -26"><span class='ocrx_word' id='word_1_119' title='bbox 141 3435 363 3526; x_wconf 87' lang='lat' dir='ltr'><strong>Empedoclem</strong></span> <span class='ocrx_word' id='word_1_120' title='bbox 384 3442 418 3505; x_wconf 90' lang='lat' dir='ltr'><strong>in</strong></span> <span class='ocrx_word' id='word_1_121' title='bbox 441 3442 573 3521; x_wconf 89' lang='lat' dir='ltr'><strong>Graecis,</strong></span> <span class='ocrx_word' id='word_1_122' title='bbox 596 3442 773 3507; x_wconf 87' lang='lat' dir='ltr'><strong>Varronem</strong></span> <span class='ocrx_word' id='word_1_123' title='bbox 794 3465 830 3506; x_wconf 88' lang='lat' dir='ltr'><strong>ac</strong></span> <span class='ocrx_word' id='word_1_124' title='bbox 853 3443 1058 3510; x_wconf 79' lang='lat' dir='ltr'><strong>Lucnurrunr</strong></span> <span class='ocrx_word' id='word_1_125' title='bbox 1072 3443 1106 3506; x_wconf 92' lang='lat' dir='ltr'><strong>in</strong></span> <span class='ocrx_word' id='word_1_126' title='bbox 1128 3441 1264 3519; x_wconf 68' lang='lat' dir='ltr'><strong>Latiniss</strong></span> 
     </span>
     <span class='ocr_line' id='line_1_20' title="bbox 140 3551 905 3642; baseline 0.01 -30"><span class='ocrx_word' id='word_1_127' title='bbox 140 3551 192 3633; x_wconf 93' lang='lat' dir='ltr'><strong>qui</strong></span> <span class='ocrx_word' id='word_1_128' title='bbox 205 3564 364 3640; x_wconf 68' lang='lat' dir='ltr'><strong>praecepto</strong></span> <span class='ocrx_word' id='word_1_129' title='bbox 377 3555 536 3642; x_wconf 72' lang='lat' dir='ltr'><strong>sepientiae</strong></span> <span class='ocrx_word' id='word_1_130' title='bbox 550 3555 687 3620; x_wconf 87' lang='lat' dir='ltr'><strong>versibus</strong></span> <span class='ocrx_word' id='word_1_131' title='bbox 700 3554 905 3633; x_wconf 80' lang='lat' dir='ltr'><strong>tradiderunt.</strong></span> 
     </span>
    </p>
   </div>
   <div class='ocr_carea' id='block_1_13' title="bbox 527 3754 882 3844">
    <p class='ocr_par' dir='ltr' id='par_1_13' title="bbox 527 3754 882 3844">
     <span class='ocr_line' id='line_1_21' title="bbox 527 3754 882 3844; baseline -0.006 -16"><span class='ocrx_word' id='word_1_132' title='bbox 527 3755 632 3828; x_wconf 85' lang='lat' dir='ltr'><strong>Idem</strong></span> <span class='ocrx_word' id='word_1_133' title='bbox 644 3754 782 3844; x_wconf 81' lang='lat' dir='ltr'><strong>ibidem,</strong></span> <span class='ocrx_word' id='word_1_134' title='bbox 798 3779 834 3827; x_wconf 68' lang='lat' dir='ltr'><strong>cr.</strong></span> <span class='ocrx_word' id='word_1_135' title='bbox 851 3766 882 3826; x_wconf 94' lang='lat'><strong>1.</strong></span> 
     </span>
    </p>
   </div>
   <div class='ocr_carea' id='block_1_14' title="bbox 64 3957 1264 4268">
    <p class='ocr_par' dir='ltr' id='par_1_14' title="bbox 64 3957 1264 4268">
     <span class='ocr_line' id='line_1_22' title="bbox 185 3957 1263 4053; baseline 0.005 -31"><span class='ocrx_word' id='word_1_136' title='bbox 185 3957 269 4024; x_wconf 84' lang='lat' dir='ltr'><strong>Nam</strong></span> <span class='ocrx_word' id='word_1_137' title='bbox 294 3959 404 4027; x_wconf 84' lang='lat' dir='ltr'><strong>Macer</strong></span> <span class='ocrx_word' id='word_1_138' title='bbox 417 3973 449 4028; x_wconf 88' lang='lat' dir='ltr'><strong>et</strong></span> <span class='ocrx_word' id='word_1_139' title='bbox 463 3963 656 4029; x_wconf 67' lang='lat' dir='ltr'><strong>Lucrinus</strong></span> <span class='ocrx_word' id='word_1_140' title='bbox 670 3963 793 4053; x_wconf 86' lang='lat' dir='ltr'><strong>legendi</strong></span> <span class='ocrx_word' id='word_1_141' title='bbox 811 3964 949 4051; x_wconf 89' lang='lat' dir='ltr'><strong>quidem,</strong></span> <span class='ocrx_word' id='word_1_142' title='bbox 972 3962 1026 4026; x_wconf 91' lang='lat' dir='ltr'><strong>sed</strong></span> <span class='ocrx_word' id='word_1_143' title='bbox 1040 3982 1105 4024; x_wconf 88' lang='lat' dir='ltr'><strong>non</strong></span> <span class='ocrx_word' id='word_1_144' title='bbox 1120 3969 1155 4024; x_wconf 86' lang='lat' dir='ltr'><strong>ut</strong></span> <span class='ocrx_word' id='word_1_145' title='bbox 1168 3958 1263 4046; x_wconf 88' lang='lat' dir='ltr'><strong>phra-</strong></span> 
     </span>
     <span class='ocr_line' id='line_1_23' title="bbox 143 4063 1264 4162; baseline 0.005 -32"><span class='ocrx_word' id='word_1_146' title='bbox 143 4066 210 4149; x_wconf 79' lang='lat' dir='ltr'><strong>sim,</strong></span> <span class='ocrx_word' id='word_1_147' title='bbox 226 4071 330 4151; x_wconf 84' lang='lat' dir='ltr'><strong>idest,</strong></span> <span class='ocrx_word' id='word_1_148' title='bbox 347 4095 459 4159; x_wconf 89' lang='lat' dir='ltr'><strong>corpus</strong></span> <span class='ocrx_word' id='word_1_149' title='bbox 473 4063 668 4160; x_wconf 72' lang='lat' dir='ltr'><strong>eloquentius,</strong></span> <span class='ocrx_word' id='word_1_150' title='bbox 691 4075 814 4140; x_wconf 83' lang='lat' dir='ltr'><strong>faciunt:</strong></span> <span class='ocrx_word' id='word_1_151' title='bbox 849 4076 1002 4162; x_wconf 84' lang='lat' dir='ltr'><strong>elegantes</strong></span> <span class='ocrx_word' id='word_1_152' title='bbox 1016 4074 1050 4136; x_wconf 90' lang='lat' dir='ltr'><strong>in</strong></span> <span class='ocrx_word' id='word_1_153' title='bbox 1065 4071 1119 4136; x_wconf 79' lang='lat' dir='ltr'><strong>sui</strong></span> <span class='ocrx_word' id='word_1_154' title='bbox 1134 4073 1264 4159; x_wconf 89' lang='lat' dir='ltr'><strong>quisque</strong></span> 
     </span>
     <span class='ocr_line' id='line_1_24' title="bbox 64 4181 861 4268; baseline 0.01 -27"><span class='ocrx_word' id='word_1_155' title='bbox 64 4251 67 4268; x_wconf 65' lang='lat'><strong>.</strong></span> <span class='ocrx_word' id='word_1_156' title='bbox 145 4181 286 4260; x_wconf 78' lang='lat' dir='ltr'><strong>materii3</strong></span> <span class='ocrx_word' id='word_1_157' title='bbox 318 4184 371 4248; x_wconf 90' lang='lat' dir='ltr'><strong>sed</strong></span> <span class='ocrx_word' id='word_1_158' title='bbox 387 4183 463 4248; x_wconf 77' lang='lat' dir='ltr'><strong>alter</strong></span> <span class='ocrx_word' id='word_1_159' title='bbox 477 4185 614 4264; x_wconf 90' lang='lat' dir='ltr'><strong>humilis,</strong></span> <span class='ocrx_word' id='word_1_160' title='bbox 630 4186 707 4250; x_wconf 89' lang='lat' dir='ltr'><strong>alter</strong></span> <span class='ocrx_word' id='word_1_161' title='bbox 720 4185 861 4251; x_wconf 88' lang='lat' dir='ltr'><strong>difficilis.</strong></span> 
     </span>
    </p>
   </div>
   <div class='ocr_carea' id='block_1_15' title="bbox 178 4379 1265 4458">
    <p class='ocr_par' dir='ltr' id='par_1_15' title="bbox 178 4379 1265 4458">
     <span class='ocr_line' id='line_1_25' title="bbox 178 4379 1265 4458; baseline 0.002 -24"><span class='ocrx_word' id='word_1_162' title='bbox 178 4379 418 4440; x_wconf 78' lang='lat' dir='ltr'><strong>Manifestissimum</strong></span> <span class='ocrx_word' id='word_1_163' title='bbox 427 4394 468 4439; x_wconf 84' lang='lat' dir='ltr'><strong>est</strong></span> <span class='ocrx_word' id='word_1_164' title='bbox 485 4385 567 4442; x_wconf 81' lang='lat' dir='ltr'><strong>cuivis</strong></span> <span class='ocrx_word' id='word_1_165' title='bbox 579 4385 730 4446; x_wconf 79' lang='lat' dir='ltr'><strong>contentius</strong></span> <span class='ocrx_word' id='word_1_166' title='bbox 740 4383 863 4452; x_wconf 85' lang='lat' dir='ltr'><strong>intuenti,</strong></span> <span class='ocrx_word' id='word_1_167' title='bbox 880 4401 1002 4458; x_wconf 75' lang='lat' dir='ltr'><strong>magnum</strong></span> <span class='ocrx_word' id='word_1_168' title='bbox 1013 4385 1146 4440; x_wconf 86' lang='lat' dir='ltr'><strong>rhetorem</strong></span> <span class='ocrx_word' id='word_1_169' title='bbox 1158 4400 1212 4438; x_wconf 89' lang='lat' dir='ltr'><strong>uon</strong></span> <span class='ocrx_word' id='word_1_170' title='bbox 1230 4383 1265 4436; x_wconf 88' lang='lat' dir='ltr'><strong>de</strong></span> 
     </span>
    </p>
   </div>
   <div class='ocr_carea' id='block_1_16' title="bbox 0 0 1536 5002">
    <p class='ocr_par' dir='ltr' id='par_1_16' title="bbox 0 0 1536 5002">
     <span class='ocr_line' id='line_1_26' title="bbox 0 0 1536 5002; baseline 0 0"><span class='ocrx_word' id='word_1_171' title='bbox 0 0 1536 5002; x_wconf 95' lang='lat' dir='ltr'><strong> </strong></span> 
     </span>
    </p>
   </div>
  </div>
 </body>
</html>
