2990 5002
243 501 319 568 xviii
622 505 693 574 AD
730 503 1026 576 LECTOREM.

242 753 245 758 ¹
286 677 359 744 Jam
372 703 535 770 nero,.quo
545 683 653 768 melius
667 703 910 764 caveremus,ne
920 681 1015 746 moles
1028 679 1144 748 inutilia
1154 681 1284 748 editioni
1294 699 1370 750 nos·
1477 709 1478 720 ¹

242 799 355 856 traeex
367 795 494 880 prolixis
515 795 965 882 repetitionibusaccresceret,
988 807 1020 860 et
1032 795 1166 880 pretium
1187 795 1305 879 pariter
1318 796 1369 860 in-
1477 811 1478 872 ζ

242 904 437 994 canderetrrr3
459 907 554 970 libros
566 905 645 984 illos,
661 908 714 993 qui
735 907 932 972 varietatibus
953 906 1096 972 codicum
1119 905 1218 972 MSS.
1241 908 1304 970 sint
1317 907 1370 972 in·

242 1017 360 1104 structi,
376 1028 407 1082 et
420 1018 502 1102 ipsos
516 1018 637 1083 codices
650 1029 797 1084 tractatos
810 1018 911 1097 nobis,
928 1017 1165 1104 compendiariis
1179 1017 1369 1090 characteri-
1475 1110 1479 1119 Ι

241 1127 298 1192 bus
313 1127 531 1216 significandos
545 1151 609 1194 esse
619 1129 778 1198 duximus:
791 1151 924 1219 quorum
937 1151 1022 1196 nunc
1035 1129 1069 1194 in
1079 1128 1189 1196 ordine
1199 1131 1280 1196 ratio
1293 1130 1368 1196 red·
1476 1136 1479 1206 ss

243 1214 346 1279 denda
361 1227 415 1280 est.

245 1541 247 1548 Α
287 1459 391 1548 uad.
412 1460 509 1525 literae
531 1460 695 1548 designant
719 1460 888 1526 editionem
912 1459 996 1526 illam
1021 1459 1365 1548 tremendeque
1480 1517 1481 1530 ,

242 1571 350 1651 modo,
366 1583 442 1660 quot
455 1571 618 1638 habuerim
626 1572 867 1651 dicendaoixi.

242 1867 245 1875 Α
287 1797 325 1862 Β.
348 1797 652 1888 designatcodicem.
664 1799 861 1865 Bodleianum
878 1795 1011 1876 Oxonii,
1025 1798 1110 1883 cujus
1124 1807 1300 1864 accuratam
1321 1809 1370 1862 at·

239 1931 300 1995 que
314 1931 428 1974 novam
450 1911 648 1976 collationem
669 1921 848 1975 senactum
870 1931 934 1974 esse
946 1909 1097 1997 gloriatur
1114 1908 1368 1996 Havercampus3

239 2041 318 2084 nam
338 2021 505 2086 Creechius
525 2022 612 2106 prior
633 2020 825 2086 adhibuerat
871 2019 954 2086 Cum
974 2019 1036 2084 hoc
1058 2020 1164 2086 codice
1185 2032 1217 2085 et
1231 2019 1371 2086 editione

240 2131 515 2219 lleronensitanta
528 2145 574 2198 est
588 2134 748 2198 consensio
762 2134 957 2215 varietatum,
975 2144 1011 2196 ut
1024 2133 1112 2197 valde
1126 2134 1295 2218 suspicatus
1309 2134 1373 2198 sim

241 2242 349 2306 dolum
364 2245 496 2328 aliquem
510 2243 663 2307 collatoris
667 2270 677 2320 3
693 2265 795 2330 neque
804 2244 890 2328 prius
904 2243 964 2306 hac
975 2245 1146 2330 suspicione
1160 2267 1229 2310 sum
1240 2245 1372 2324 solutus,

190 2376 195 2382 ’
241 2375 336 2440 quam
350 2355 391 2418 ad
406 2355 576 2420 sectmdum
589 2355 704 2419 librum
717 2377 801 2420 meas
810 2355 1094 2436 anisnadyersiones
1103 2357 1372 2424 continuaveram:

239 2475 308 2529 tum
323 2465 449 2530 demum
457 2467 505 2530 vir
515 2467 730 2551 amplissimus,
747 2467 1122 2546 Gumnuuusdacuaou‚
1135 2467 1173 2532 B.
1185 2467 1229 2532 D.
1239 2470 1276 2532 in
1284 2468 1372 2534 Aca-

240 2575 343 2642 demici
358 2575 581 2663 florentissimis⁴
596 2577 770 2662 Oxoniensi
783 2567 953 2665 praelector}
961 2579 1085 2646 Graecae
1101 2578 1217 2667 lingum
1231 2579 1375 2644 doctissi-

239 2709 321 2766 mus,
338 2709 410 2752 cum
425 2708 488 2773 quo
498 2688 578 2752 forte
590 2688 715 2754 fortund
729 2689 985 2776 inbibliopolium
996 2690 1154 2778 quoddam
1169 2690 1375 2758 Londinense

239 2821 458 2879 conveneram,
470 2811 502 2864 et
512 2823 604 2885 super
612 2801 672 2866 hac
682 2824 717 2866 re
725 2824 881 2867 sermones
892 2795 1056 2879 caederem,
1071 2800 1178 2865 falsam
1192 2812 1224 2864 et
1232 2803 1375 2888 iniquam

240 2913 433 2998 opinionem,
448 2911 509 2978 isto
522 2911 563 2976 de
577 2911 696 2990 codice,
710 2933 781 2976 non
792 2907 931 2976 cavallis
945 2911 1116 2976 ratio‘m'bus
1138 2924 1310 2999 susceptam
1323 2924 1376 2978 ta·

238 3045 324 3101 men,
334 3047 385 3088 me
395 3025 572 3111 benigniter
580 3022 734 3088 dedocuit.
766 3023 816 3086 Re
824 3021 1311 3090 vertmbibliothecassodleiana
1321 3023 1378 3090 ille

239 3135 340 3200 codex
348 3135 503 3220 hodieque
511 3143 697 3208 asseruerim
719 3132 847 3196 sednon
857 3154 1002 3219 magnam
1012 3144 1194 3198 vetustatem
1197 3135 1304 3220 jactat,
1314 3155 1377 3200 ne·-

239 3268 301 3332 que
322 3244 428 3309 mtdtae
442 3243 539 3331 frugis
553 3253 636 3320 sunt,
652 3264 723 3329 quae
744 3241 930 3322 refenmtur,
945 3243 1129 3309 variationes
1142 3245 1218 3330 ejus:
1240 3246 1378 3334 ideoque

238 3377 305 3420 non
319 3357 418 3420 modo
429 3357 531 3420 minus
545 3355 677 3442 praenitet
690 3354 901 3443 indiligentius
914 3357 1068 3434 recensiti,
1084 3357 1138 3422 sed
1152 3379 1251 3445 angor
1264 3359 1376 3440 levius,

239 3466 509 3532 inhumanissimas
520 3466 906 3550 bibliothecaeBodleianoe
914 3467 1008 3556 leges,
1024 3469 1168 3534 omnibus
1178 3470 1375 3552 mortalibus,

239 3578 392 3643 levissimo
407 3580 513 3644 saltem
528 3580 677 3646 contactis
691 3603 801 3667 sapore
815 3579 1040 3658 doctrmarum,
1056 3581 1130 3646 odio
1142 3591 1234 3666 atque
1242 3603 1371 3646 execra-

240 3692 328 3755 tione
341 3691 582 3777 prosequendas,
605 3692 683 3756 mihi
697 3693 828 3757 liberam
841 3692 1058 3770 tractationem
1079 3692 1143 3776 ejus
1151 3691 1375 3778 -haudpermi-

128 3837 139 3862 ι
241 3791 323 3866 sisse,
369 3800 465 3880 Mox,
481 3813 517 3868 ut
530 3805 677 3892 augurari
699 3804 793 3883 soleo,
816 3803 969 3868 illucescet
989 3802 1040 3866 ille
1053 3802 1127 3874 dies,
1150 3824 1247 3889 quum
1262 3802 1374 3868 doctos

241 3911 384 3978 homines
398 3925 430 3978 et
442 3914 602 3980 literarum
615 3914 784 4000 penetralia
805 3913 945 4000 pudebit,
962 3937 994 3978 se
1007 3925 1072 3978 tam
1086 3913 1140 3978 diu
1154 3912 1294 3978 barbaris
1307 3913 1376 3980 his-

242 4046 278 4088 ce
293 4025 522 4090 conditionibus
536 4027 690 4112 patienter
704 4049 768 4090 esse
782 4025 1163 4114 colligatos.—Caeterum,
1180 4026 1253 4089 satis
1263 4026 1373 4091 saltem

241 4146 373 4214 constat,
390 4137 557 4223 exemplari
573 4137 757 4218 Bodleiano,
773 4151 805 4203 et
819 4137 947 4202 editioni
961 4137 1054 4202 dictae
1069 4135 1254 4215 Veronensi,
1270 4157 1372 4202 unum

239 4247 391 4327 codicem,
407 4247 455 4312 vel
463 4248 599 4334 ejusdem
613 4271 739 4335 prorsus
753 4247 889 4328 familiae,
904 4270 963 4334 pro
972 4246 1141 4334 archetypo
1154 4247 1299 4334 primitus
1314 4269 1373 4314 ex-

241 4359 361 4424 stitisse.
