2914 4994
222 539 291 616 TE
309 539 451 616 salvere
461 538 572 640 jubet
589 538 759 640 simplex,
777 538 807 614 si
824 539 976 631 rustica,
994 539 1124 636 Musa;

270 687 543 789 Angligenirm,
560 687 673 763 Foxr!
700 687 832 787 gloria,
849 657 975 778 robur,
991 713 1105 764 amor.

222 837 331 928 Quae,
349 862 530 912 succensa
546 837 620 912 tuis
638 837 751 911 animi
768 837 982 930 virtutibus,
999 839 1114 914 audet

269 985 445 1061 Desuetis
463 983 614 1061 Latium
633 1009 781 1060 carmen
798 985 893 1060 inire
910 985 1055 1076 modis,

220 1133 499 1232 Prorepensque
517 1133 648 1208 humili
666 1133 916 1236 caligantique
933 1158 1097 1225 recessu,

269 1282 454 1384 Opposito
471 1285 624 1360 rutilum
641 1298 822 1386 provocat
839 1311 902 1362 ore
921 1285 1033 1361 diem.
1111 1245 1114 1254 .

218 1435 294 1512 Sed
311 1459 446 1535 neque,
469 1437 572 1536 quod
588 1437 697 1512 sociis
715 1461 826 1513 cursu
845 1461 970 1512 comes
986 1436 1041 1512 ire
1059 1436 1206 1535 negiris

268 1587 443 1677 Deflexo,
468 1587 690 1687 intrepidus,
714 1587 968 1688 propositique
988 1598 1121 1679 tenax,

218 1738 397 1836 Dumque
413 1737 514 1812 leves
531 1739 672 1814 animos
690 1719 802 1814 timor
818 1749 1020 1815 attentaret
1035 1740 1169 1829 inanis,

267 1879 452 1966 Institeris
469 1879 610 1966 rectam
627 1890 737 1981 fidus
763 1901 807 1965 ut
823 1901 923 1980 ante,
949 1891 1063 1964 viam:

219 2040 294 2115 Sed
310 2065 446 2140 neque,
467 2043 574 2139 'quod
589 2041 741 2133 referas,
768 2065 879 2140 quern
896 2041 1123 2117 mirabantur
1141 2039 1304 2116 Athenae

268 2190 492 2265 Torrentem
510 2191 662 2288 eloquii,
687 2191 748 2265 vel
767 2191 951 2266 Cicerone
968 2203 1094 2282 tones;

220 2340 335 2428 Quod
351 2340 470 2439 rapidi
487 2317 647 2440 ningues
658 2340 737 2439 jam
754 2341 884 2440 lingua
898 2337 1102 2439 profundat
1119 2339 1256 2430 Ulixis,

266 2491 352 2568 Jam
369 2500 496 2564 manet
513 2489 608 2591 Pylii
625 2490 767 2590 liquida
783 2490 894 2566 mella
910 2491 1007 2566 senis
1013 2522 1026 2579 ;

220 2643 398 2740 Dumque
413 2641 510 2740 logis
526 2640 668 2716 blatero
685 2642 838 2717 tumidis
855 2665 1048 2740 spumosus
1064 2641 1244 2729 abundat,

224 2833 228 2840 ·
269 2791 465 2868 Fecundet
482 2816 610 2868 seusus
626 2793 710 2867 viva
726 2755 890 2868 medulla
905 2804 1009 2882 tuos,

219 2946 307 3022 Non
325 2945 408 3036 tibi,
433 2945 534 3045 quod
557 2945 685 3044 populi
701 2946 854 3047 primos,
878 2943 1148 3046 populumque,
1172 2941 1332 3042 loquelis

270 3096 450 3170 Suavibus
467 3096 761 3194 arripiam-hoc
777 3096 861 3171 leve
880 3097 1000 3192 surgit
1017 3117 1122 3192 opus.

220 3247 362 3326 Nescia
378 3247 541 3336 mentiri,
565 3243 726 3320 blandiri
742 3245 881 3334 nescia,
908 3244 1021 3319 Musa

272 3398 434 3472 Materit
452 3398 557 3472 dotes
575 3396 755 3471 nobiliore
774 3395 885 3470 canit.

223 3548 338 3640 Quod
353 3548 462 3640 mala,
490 3572 573 3645 quae
588 3547 755 3621 lacerant
771 3546 940 3620 mortalia
955 3555 1109 3644 pectora
1125 3545 1231 3620 saevis

272 3697 484 3798 Unguibus,
509 3697 611 3771 haud
628 3695 733 3771 cordi
750 3706 838 3769 sunt
855 3695 975 3769 aliena
990 3707 1076 3786 tuo,

224 3851 352 3940 Quod,
377 3848 472 3923 male
491 3847 673 3921 damnatis
691 3845 873 3922 scelerato
884 3845 1023 3943 judicis
1041 3871 1119 3935 ore,

272 4000 453 4099 Ingenuis
471 4022 637 4074 caussam
654 3995 787 4073 nobilis
804 3996 904 4070 ultor
920 3996 1017 4096 agis5

224 4150 339 4241 Quod
356 4175 525 4252 cuperes,
550 4147 638 4225 belli
655 4157 879 4224 reserantem
898 4145 1058 4220 claustro
1074 4147 1236 4236 cruenti,

273 4301 498 4403 Sacrilegam
513 4303 602 4378 heu!
629 4297 766 4378 frustra
782 4279 1009 4376 continuisse
1025 4322 1239 4374 manum.-

249 4778 435 4940 m
571 4849 575 4858 ,
