2990 5002
230 505 301 568 nux
472 499 798 568 TESTIMONIA
820 499 1075 570 VETERUM

229 691 351 746 laudibus
362 689 488 758 Lucretii,
501 699 533 745 ut
544 689 670 761 elegantis
681 689 778 760 pobtoe,
795 688 933 746 detrahere
944 689 1068 758 voluisse,
1079 688 1127 746 sed
1138 689 1286 748 ondon-
1298 694 1357 768 eJus

230 785 393 842 subtiliorem
410 803 477 854 esse,
493 796 573 857 etque
586 803 751 850 existumem,
768 795 799 840 ut
810 796 991 857 argumentum
1003 803 1108 860 quoque
1124 786 1202 842 nimis
1220 797 1359 844 austerum

229 891 258 936 et
269 880 346 947 exile,
363 899 441 954 quem
453 899 512 954 quae
523 881 646 948 ubertati,
663 879 872 952 magnificentiae,
890 890 918 936 et
930 879 1085 948 emoenitsti,
1103 882 1231 938 sermonis
1243 883 1358 938 oratorii

230 976 443 1032 consummandis
458 975 569 1048 pulchre
582 975 635 1030 siut
652 973 858 1030 accommodate
894 973 1017 1032 Meminit
1027 973 1123 1031 iterum
1142 978 1262 1034 Lucretii
1274 978 1357 1051 scrip-

229 1081 273 1125 tor
280 1071 326 1127 ille
336 1069 568 1135 fructuosissimus,
577 1069 641 1124 ibid.
650 1067 686 1125 iii.
702 1067 879 1124 1.viii.6.xii.
894 1077 935 1124 11.

461 1250 504 1325 C.
540 1248 841 1326 CORNELIUS
876 1247 1118 1342 TACITUS,

358 1531 362 1536 .
478 1462 637 1557 Dialogo
654 1464 697 1536 de
714 1459 927 1552 oratoribus,
940 1470 1020 1535 sect.
1038 1472 1098 1535 23.

270 1667 437 1735 Neminem
450 1672 632 1750 nominabo,
647 1694 746 1762 genus
759 1671 923 1736 hominum
938 1671 1074 1758 signasse
1087 1680 1252 1737 contentus
1256 1699 1267 1751 3
1299 1673 1355 1760 qui

228 1777 384 1848 Lucilium
397 1804 456 1867 pro
472 1782 622 1862 Horatio,
638 1795 670 1848 et
686 1783 892 1848 Lucnnmum
907 1804 967 1867 pro
982 1781 1126 1872 Virgilio,
1138 1781 1256 1872 legunt.

489 1981 530 2055 P.
565 1979 812 2058 PAPINIUS
847 1978 1086 2074 STATIUS,

594 2193 795 2286 Spinonem,
811 2191 850 2264 ii.
868 2199 903 2269 7.
931 2200 991 2270 76.

516 2396 615 2463 Cedet
630 2398 819 2463 Muserudis
832 2398 941 2464 ferocis
958 2398 1066 2478 Ennii,

490 2507 551 2572 'Et
564 2510 649 2574 docti
662 2508 750 2576 furor
763 2509 878 2575 arduus
894 2509 1131 2576 LUCRETII.

262 2707 362 2766 Statius
377 2720 465 2768 nutem
473 2692 639 2786 potissimum
650 2709 757 2782 respicit
768 2709 886 2766 Lucretii
895 2709 939 2766 lib.
954 2720 977 2766 1.
988 2727 1055 2766 verr.
1070 2720 1128 2767 rer.
1143 2719 1201 2766 146.
1214 2721 1274 2767 ses.
1309 2713 1356 2782 Et,

226 2821 261 2860 ne
271 2804 300 2859 in
316 2806 442 2878 sequioris
453 2809 540 2866 aetstis
557 2807 706 2880 scriptores,
723 2805 769 2878 qui
781 2805 935 2860 Lucretium
952 2803 1072 2861 leudibus
1084 2804 1245 2873 extuderunt,
1262 2823 1356 2878 evage-
1483 2805 1484 2869 ฮถ

225 2916 284 2954 mur
299 2899 387 2970 letius,
405 2903 488 2960 otium
506 2903 582 2960 nobis
594 2901 659 2958 fecit
675 2901 804 2956 immense
814 2901 916 2958 Bmthii
928 2902 1060 2958 doctrines
1085 2904 1160 2975 cujus
1172 2911 1237 2960 note
1252 2903 1356 2961 scilicet

226 2993 261 3050 ed
276 2995 379 3068 Papinii
388 2997 477 3056 locum
488 2997 565 3070 pluro
576 2997 643 3053 scire
655 2995 820 3067 cupientibus
832 2996 995 3051 consulenda
1006 3005 1056 3052 est.

447 3177 494 3266 Q.
531 3175 763 3252 SERENUS
798 3173 1118 3268 SAMONICUS,ยน

558 3390 620 3463 De
635 3384 818 3476 uredicind,
835 3407 908 3461 ver.
927 3397 1011 3460 614.

334 3595 409 3663 Hoc
422 3598 536 3684 poterit
549 3609 677 3685 quartus
690 3595 798 3685 magni
812 3607 984 3662 monstrare
1001 3593 1236 3663 LUCRETII.
