2990 5002
239 395 337 464 xxviii
490 393 818 464 TESTIMONIA
840 393 1096 463 VETEEUM

532 679 833 756 CORNELIUS
856 676 1038 770 NEPOS,

590 891 642 968 In
657 889 730 966 uiui
746 890 868 980 Attici,
883 891 945 966 aii.
964 903 1000 966 4.

282 1101 370 1168 Idem
392 1099 431 1166 L.
453 1093 571 1166 lulium
593 1100 750 1180 Calidmu,
773 1124 878 1189 quern,
901 1112 972 1187 post
994 1099 1159 1166 Lucnurn
1183 1101 1357 1190 Catullique

235 1224 380 1291 mortem,
395 1211 494 1278 multo
504 1231 798 1286 susnnn'rrssrnuu
810 1232 945 1284 rossan
956 1222 1093 1279 nostram
1106 1212 1208 1278 tulisse
1222 1225 1356 1293 aetatem,
1491 1281 1492 1286 ,

237 1346 309 1389 vere
333 1324 440 1388 videor
467 1345 557 1410 posse
583 1323 859 1402 contendere,-in
881 1323 1127 1410 proscriptorum
1154 1347 1319 1392 numenun
1339 1349 1358 1388 a
1491 1321 1492 1338 ¹

241 1433 278 1500 P.
293 1433 648 1516 Volumnio-relatum,
663 1436 828 1522 exped'wit.

482 1631 539 1710 M.
569 1633 864 1712 VITauvrus
898 1632 1106 1726 POLLIO,

571 1849 633 1922 De
649 1843 895 1934 archiacum,
912 1845 960 1919 ic.
980 1858 1014 1918 3.

279 2055 360 2120 Item
380 2056 494 2143 plures,
524 2059 590 2144 (qui
615 2056 773 2120 literarum
789 2055 1036 2140 jucunditatibus
1057 2055 1224 2119 instructas
1246 2052 1362 2119 habent

238 2169 368 2249 mentes)
390 2181 461 2252 post
475 2180 613 2237 nostram
635 2168 818 2242 memoriam
832 2177 1003 2244 nascentes,
1026 2188 1098 2230 cum
1120 2163 1363 2231 LUCRETIO

239 2277 437 2356 videbuntur,
453 2278 536 2342 velut
550 2298 667 2353 coram,
683 2276 749 2341 DE
765 2275 937 2342 RERUM
952 2275 1150 2341 NATURA
1164 2275 1329 2361 disputare.

465 2493 468 2501 1
551 2475 592 2549 P.
630 2473 850 2550 0v1n1us
884 2473 1039 2568 Nasu,

605 2686 788 2774 Amorum,
806 2686 831 2758 i.
855 2695 910 2762 15.
929 2697 988 2760 23.

317 2895 470 2963 Carmina
486 2891 708 2970 SUBLIMIS
723 2907 798 2961 tunc
813 2905 885 2966 sunt
898 2893 1036 2985 peritura
1050 2886 1289 2974 LUCRETII,

358 3007 466 3074 Exitio
480 3020 577 3074 terras
591 3031 663 3074 cum
677 3008 765 3076 dabit
778 3030 842 3078 una
855 3007 930 3078 dies.

623 3208 806 3297 Tastina,
823 3208 860 3280 ti.
878 3219 963 3280 aas.
1014 3213 1017 3220 ’

382 3417 527 3504 Explicat
541 3429 577 3483 ut
591 3439 711 3482 caussas
725 3418 827 3504 rapidi
843 3415 1111 3485 LUCRETIUS
1125 3419 1218 3506 ignis,

431 3527 647 3617 Casurumque
660 3530 774 3618 triplex
787 3532 973 3597 vaticinatur
986 3552 1116 3616 opus--

355 3727 554 3805 SEXTUS
589 3729 857 3807 AURELIUS
899 3725 1244 3827 PROPERTIUS,

575 3944 799 4039 Elcgr'arum,
818 3944 855 4018 ii.
874 3954 933 4016 25.
953 3951 1026 4014 29..

356 4151 425 4215 Aut
439 4153 515 4238 quid
531 4149 758 4220 LUCRETII
772 4153 829 4218 tibi
843 4165 975 4240 prosunt
988 4154 1127 4218 cannina
1140 4151 1233 4218 lecta?

400 4260 453 4326 Nil
460 4263 549 4347 juvat
562 4266 596 4329 in
610 4287 725 4355 magno
739 4276 839 4331 vester
853 4288 959 4331 amore
972 4286 1075 4330 senex.
