2990 5002
424 513 427 522 ,
562 442 908 514 ARGUMENTA.
1190 450 1300 522 xxxvii

162 621 399 718 inondet'qnoe
412 627 488 696 ulios
504 629 728 718 juvandum
749 651 815 696 non
828 641 956 710 terrem,
978 653 999 696 a
1011 652 1074 697 ver.
1091 637 1166 698 618.
1180 634 1223 700 ad
1236 657 1300 701 vsr.

163 745 244 810 tas.
289 743 334 808 Χ.
350 744 403 809 Dc
423 739 647 834 imaginatione
668 756 762 832 atque
782 743 972 834 cogitatione
993 745 1070 834 agit,
1086 767 1164 833 quas
1184 768 1241 833 per
1255 759 1301 814 te·

160 855 317 922 mrissimu
330 875 436 922 remur
455 847 701 937 simulacra,'seu
714 857 878 946 imagines,
902 877 974 945 quoe
988 858 1022 920 in
1037 870 1175 924 mentem
1195 861 1300 925 incur·

160 981 251 1047 rant,
274 969 342 1034 fieri
364 969 482 1056 pariter
500 970 557 1048 ait3
584 970 659 1034 inde
672 970 759 1035 varia
779 969 821 1036 de
842 970 1085 1060 cogitationibus
1103 969 1298 1056 problemata

157 1083 317 1168 proponit
335 1093 368 1150 et
383 1080 531 1169 explicat,
556 1105 623 1161 our,
639 1099 668 1147 ν.
683 1105 715 1172 g.
729 1077 891 1148 videamur
905 1082 946 1148 -in
960 1083 1076 1148 somnis
1096 1082 1203 1149 videre
1216 1081 1298 1162 illos,

157 1193 219 1280 qui
228 1191 296 1278 jam
311 1194 427 1259 mortui
441 1207 525 1260 stmt:
550 1217 606 1260 our
620 1195 785 1260 simulacra
797 1215 915 1275 rerum,
932 1217 986 1262 seu
996 1195 1163 1284 imagines,
1171 1194 1299 1261 odana

156 1315 216 1370 tur
231 1303 323 1372 nobis
337 1307 465 1386 morari,
481 1307 558 1374 dum
573 1309 746 1397 cogitamus
760 1321 812 1373 ea:
835 1329 892 1374 cur
906 1309 1009 1374 subito
1025 1309 1155 1396 quisque
1170 1308 1298 1397 cogitet,
1415 1363 1418 1370 .

156 1438 238 1504 quae
251 1417 398 1484 labuerit:
423 1441 480 1485 cur
489 1421 523 1484 in
538 1421 655 1486 somnis
669 1441 833 1486 tentamus
841 1421 992 1509 imagines
1002 1421 1133 1500 moveri,
1145 1439 1244 1508 usque
1256 1417 1300 1484 sd

156 1537 318 1595 muro.
363 1532 426 1597 XI.
442 1533 475 1597 A
489 1554 551 1598 ver.
568 1540 643 1598 800.
657 1533 700 1598 ad
713 1553 777 1598 ver.
792 1541 866 1598 904.
882 1533 985 1611 dooet,
1008 1530 1161 1622 linguam,
1177 1531 1296 1612 oeulos,

156 1662 383 1738 aursanares,
404 1645 511 1710 ontrria
524 1645 658 1732 denique
679 1644 862 1710 tentationis
875 1665 1008 1733 organa,
1030 1644 1117 1730 prius
1131 1655 1206 1709 nata
1220 1665 1297 1723 esse,

154 1749 257 1843 qnam
271 1777 381 1821 eorum
394 1777 500 1836 usum3
525 1779 611 1823 secus
625 1779 700 1823 vero
714 1757 749 1820 in
763 1755 936 1832 artificiosis
951 1755 1054 1836 rebus,
1070 1777 1143 1843 quae
1156 1755 1297 1842 pendent

154 1879 202 1933 ‘ex
221 1859 353 1954 praevisi
367 1863 549 1957 indigentii.
595 1868 678 1933 XII.
702 1869 756 1933 De
773 1889 884 1932 somno
899 1880 931 1933 et
951 1867 1114 1932 insomniis
1135 1868 1214 1956 agiu
1238 1866 1298 1930 im·

154 1977 332 2065 primisque
351 1979 456 2058 donet,
471 1978 535 2066 qui
549 1979 671 2044 ratione
691 1978 748 2043 fiat
761 1999 889 2044 somnus
910 1979 943 2042 in
959 1978 1062 2057 nobis,
1084 1989 1117 2044 et
1129 1979 1163 2042 in
1177 1973 1299 2044 caeteris

155 2090 384 2156 animantibus:
396 2091 601 2156 'somniorum
622 2090 722 2154 varias
743 2090 881 2178 assignat
902 2112 1036 2168 caussas,
1058 2101 1092 2155 et
1106 2088 1233 2154 demum
1256 2089 1298 2154 ad

157 2223 213 2266 res
221 2213 373 2266 uenereas
387 2201 540 2288 delapsus,
556 2224 576 2266 a
589 2223 652 2266 ver.
673 2208 765 2266 1000.
780 2223 879 2287 usque
893 2201 934 2266 ad
947 2199 1045 2268 finem
1054 2199 1139 2280 libri,
1155 2201 1195 2266 de
1209 2223 1297 2267 amo·
1312 2286 1319 2302 Ι

156 2334 208 2391 re,
224 2303 392 2392 monitate,
407 2312 607 2391 fecunditate,
629 2323 664 2377 et
676 2313 742 2378 aliis
757 2313 903 2378 omnibus
918 2311 1001 2378 hauc
1015 2314 1179 2380 materiam
1201 2314 1295 2380 attin·

154 2423 324 2513 gentibus,'
339 2424 463 2490 liberius
477 2423 582 2490 forsan
597 2436 628 2490 et
643 2425 791 2511 apertius,
815 2441 910 2512 quern
924 2424 1067 2490 nonnulli
1084 2425 1209 2505 vellent,
1232 2424 1295 2490 dis·

154 2547 266 2621 putat3
290 2535 344 2601 sed
357 2535 551 2623 philosophis
565 2535 685 2614 saltem,
708 2535 758 2602 vel
771 2537 805 2601 in
820 2535 869 2602 his
883 2536 1067 2615 tractandis,
1083 2538 1208 2604 videtur
1228 2548 1293 2603 esse

157 2635 397 2737 nungentum

142 2997 147 3010 ¹
355 2959 428 3042 IN
459 2955 717 3042 LIBRUM
762 2955 1083 3051 QUINTUNL

201 3272 230 3338 Ι.
255 3271 449 3342 LAUDES
459 3269 601 3358 Epicuri,
608 3269 663 3336 cni
675 3279 805 3356 propter
813 3266 973 3334 inventam
983 3267 1211 3355 etexplicatam
1220 3267 1291 3355 phi·

152 3384 332 3472 Iosophiam
344 3384 413 3471 plus
427 3382 543 3450 debent
555 3381 710 3460 homines,
727 3381 822 3468 quam
845 3380 966 3459 Cereri,
980 3379 1119 3460 Baccho,
1144 3379 1291 3461 Herculi,

154 3494 284 3582 aliisque
298 3496 388 3575 divis,
403 3519 482 3584 quos
495 3495 578 3585 grati
593 3505 793 3572 venerantrn,
808 3490 850 3559 ad
871 3513 937 3557 ver·
964 3497 1016 3556 55.
1037 3491 1199 3579 predium.
1244 3493 1291 3558 ΙΙ.

155 3607 297 3687 Deinde,
311 3609 344 3672 in
359 3630 422 3672 ver.
438 3613 490 3672 92.
504 3606 654 3694 proponit
668 3605 764 3672 totius
777 3603 849 3668 libri
863 3615 1094 3694 argumentum,
1117 3604 1206 3691 cujus
1217 3626 1291 3690 par·

156 3733 202 3786 tes
216 3732 324 3805 postea
338 3719 483 3804 explicata
506 3731 538 3784 et
552 3719 617 3785 111.
632 3719 673 3784 ad
686 3740 750 3783 ver.
770 3719 841 3781 157.
856 3728 985 3796 terram,
995 3738 1093 3795 mare,
1103 3716 1229 3791 coelum,
1240 3737 1290 3780 so-

154 3833 229 3912 lem,
249 3831 362 3909 sidera,
378 3831 522 3898 mortalia
541 3830 730 3909 (1οο00000,
746 3827 833 3916 quod
849 3829 946 3894 Stoici
960 3838 1123 3914 putarunt,
1140 3825 1290 3910 annnam,

156 3942 208 4009 dei
222 3945 317 4030 ipsius
332 3954 447 4030 partes,
463 3954 517 4008 aut
529 3941 677 4010 sedem-et
687 3940 879 4006 domicilium
889 3940 1021 4006 deorum
1036 3960 1112 4015 esse,
1129 3938 1214 4024 quod
1224 3940 1292 4008 vul-

156 4057 392 4148 gusexistimat,
408 4057 524 4122 suerit.
562 4057 620 4122 IV.
636 4055 688 4124 Ne
699 4056 768 4146 quis
778 4055 933 4120 mundum
948 4051 1037 4116 odiis
1051 4049 1144 4116 fuisse
1157 4050 1287 4133 fannon,

157 4181 250 4260 atque
263 4169 335 4234 ideo
348 4167 556 4234 imfflortalem
570 4167 687 4248 credat,
703 4167 745 4232 ad
761 4189 823 4232 ver.
840 4171 914 4230 236.
936 4163 1036 4230 varias
1057 4163 1193 4258 rationes
1212 4187 1289 4234 con·

159 4281 251 4370 gerit,
265 4291 331 4346 tam
345 4305 365 4347 a
378 4277 491 4368 naturi
504 4279 649 4362 danum,
672 4301 768 4368 quam
791 4276 906 4346 avitiis
920 4275 1012 4364 hujus
1026 4277 1149 4358 mundi,
1165 4277 1287 4360 ductas,

681 4415 700 4458 e
722 4401 741 4456 3
