2990 5002
485 451 556 519 nn
578 453 882 521 sucronem
1163 456 1242 522 nra
1266 424 1273 430 ’

118 641 194 706 Alia
215 650 287 706 sunt
307 638 443 723 insuper,
472 657 557 702 meas
570 637 644 703 vitae
666 639 801 705 rationes
822 641 1019 729 attingentis,
1041 652 1073 707 et
1093 663 1241 730 magnam

114 752 201 840 apud
215 761 334 816 mentes
355 749 505 838 benignas
526 747 706 830 hunmnitus
720 751 926 816 adurissorum
940 755 1171 828 &cusationem
1184 753 1241 840 ha-

116 862 317 930 bituraz-de
338 861 450 947 quibus
471 871 576 923 tamen
598 861 706 928 melius
726 873 829 930 tacere
848 875 939 949 puto,
969 842 1066 952 quam
1083 866 1242 954 ¹questibus

115 975 286 1040 ambitiosis
299 973 432 1038 inaniter
445 971 615 1060 indulgere.

158 1199 275 1279 Porro,
297 1221 339 1264 ne
353 1222 404 1265 me
418 1198 567 1280 fortassis,
583 1201 623 1267 ab
638 1202 690 1268 tali
712 1204 822 1290 puerili
840 1218 967 1286 φιιιυτιᾳ
990 1203 1241 1294 remotissimum,

113 1309 213 1376 lector
227 1295 529 1398 existimet'propriis
543 1312 662 1402 ingenii
671 1313 783 1380 fetibus
796 1315 866 1402 plus
880 1339 972 1403 aequo
986 1315 1143 1394 delectari,
1158 1314 1245 1402 quod

113 1442 188 1487 eum
194 1421 292 1487 ‚toties
306 1422 348 1487 ad
357 1422 470 1487 Silvam
483 1445 586 1488 meam
597 1426 746 1496 criticam
760 1427 946 1504 remiserim3
963 1427 1122 1492 docendus
1136 1436 1243 1518 restat,

111 1545 374 1620 mee-compertum
387 1525 523 1612 habere,
536 1543 580 1599 'ex
593 1557 652 1600 usu
672 1519 833 1602 literarum
846 1538 1028 1617 maturiore,
1054 1538 1190 1624 plurima
1199 1538 1243 1602 ‚in

111 1644 179 1710 istis
190 1633 466 1711 'lucubrationibus
480 1633 623 1723 inieniri,
649 1669 721 1732 quae
736 1647 803 1726 sint,
806 1648 983 1733 juveniliter
1008 1649 1186 1727 temeraria,
1209 1673 1245 1708 a.

113 1755 275 1840 agnitorem
285 1780 423 1844 prorsus,
439 1768 470 1822 et
480 1758 608 1822 homine
619 1739 727 1822 critioo
738 1739 869 1848 indigna
872 1787 883 1837 3
899 1759 954 1824 sed
963 1782 1034 1846 quae
1045 1761 1082 1824 'in
1091 1761 1245 1825 sitientem

113 1867 219 1948 famae,
245 1891 318 1934 rure
331 1882 447 1944 tamen
461 1869 662 1964 abditum,5et
675 1893 695 1933 a
707 1869 794 1934 libris
813 1871 1068 1956 sermonibusque
1082 1871 1247 1934 doctorum

113 1979 170 2045 dis
157 1981 400 2067 Junotissimum,
415 1978 560 2044 facillime
572 1989 699 2064 possent
713 1979 834 2044 eadere.
858 1991 930 2044 sunt
943 1991 1048 2044 autem
1059 2003 1164 2044 rursus
1178 1980 1248 2066 plu·

112 2093 196 2156 rima
209 2092 270 2156 rite
284 2091 472 2178 excogitata,
496 2088 641 2174 qualia
611 2109 694 2154 viros
708 2089 822 2188 hanun
835 2113 941 2188 rerum
956 2089 1099 2162 callentes
1107 2091 1248 2192 jucunde

112 2203 337 2280 morabrmtm,
352 2212 384 2266 et
397 2185 520 2266 aetatem
534 2183 645 2266 ferent:
668 2204 706 2266 ea
718 2181 923 2287 potissimum,
947 2225 1018 2290 quae
1032 2203 1066 2266 in
1081 2203 1164 2268 Novi
1175 2205 1248 2268 dle·

112 2315 199 2377 deris
206 2312 428 2378 monumentis
435 2313 624 2399 explicandis
635 2324 728 2400 atque
738 2313 926 2379 illustrandis
937 2313 1143 2400 oocupantur3
1157 2314 1245 2410 alibi,

112 2424 175 2490 uisi
196 2419 296 2501 fdllor,
318 2423 404 2489 haud
425 2435 541 2492 temere
561 2426 756 2511 reperienda:
791 2427 876 2513 quod
904 2427 997 2492 serio·
1006 2403 1246 2511 triumphamus.

115 2536 192 2601 Non
207 2536 292 2598 enim
305 2535 327 2597 ii
342 2557 459 2614 sumus,
484 2537 538 2623 qui
558 2559 662 2602 saeros
675 2537 770 2602 libros
784 2536 833 2602 vel
847 2515 919 2603 cum
933 2537 1130 2602 nobilissimis
1144 2537 1248 2601 ethni·

117 2653 230 2713 corum'
247 2657 387 2712 veterum
400 2647 433 2710 in
448 2646 557 2713 eadem
571 2648 689 2714 nume
703 2649 830 2714 velimus
844 2669 973 2736 ponere,
989 2660 1044 2714 aut
1057 2648 1168 2714 eodem
1182 2659 1248 2714 stu·

117 2759 171 2824 dio
185 2759 451 2838 commentandos,
467 2782 505 2824 aa
515 2760 723 2843 meditandus,
739 2759 874 2828 cordatis
882 2761 990 2866 saltem
996 2760 1178 2828 homiuibus
1192 2782 1248 2824 au·

115 2881 285 2938 illinemus:
309 2885 397 2933 πολλυ
406 2895 497 2944 maai
510 2869 552 2932 da·
625 2955 628 2960 ,

403 3107 513 3180 &gurra
525 3111 662 3176 χιιλιιυοιν,
675 3094 814 3174 bariaco?
826 3093 962 3157 termium.

163 3311 238 3378 'Jam
251 3335 337 3394 vero,
352 3313 439 3401 prius
453 3313 529 3381 libet
541 3314 722 3380 brevissime
736 3313 918 3402 disquirere,
941 3334 1036 3411 quam
1049 3311 1124 3378 huic
1136 3313 1248 3399 praefa-

23 3431 24 3442 ²
123 3421 200 3488 tioni
221 3424 317 3490 finem
331 3448 461 3513 ponam,
483 3437 591 3492 utrum
614 3426 778 3500 Lueretius
798 3437 905 3491 noster
926 3425 1015 3490 alia
1005 3424 1123 3524 mgenii
1136 3447 1249 3520 monu-

123 3546 228 3598 menta
242 3537 397 3622 quapiam
410 3537 505 3602 literis
519 3538 725 3640 mandaverit,
741 3559 811 3624 quae
820 3537 854 3602 in
864 3537 926 3602 hoc
939 3557 1041 3602 aevrrm
1055 3558 1121 3602 ιιοιι
1134 3537 1249 3624 perdu·
1251 3545 1254 3554 “

123 3665 249 3738 rauere.⁸
287 3645 410 3726 Certe,
408 3671 480 3713 eum
495 3649 532 3712 in
543 3649 649 3714 animo
671 3647 815 3713 habuisse
834 3649 876 3714 de
890 3649 951 3714 situ
965 3659 997 3714 et
1014 3623 1159 3736 qualitate
1167 3649 1251 3712 sedi-

122 3777 170 3819 um
183 3766 365 3838 raedarum,
385 3782 462 3846 quas
477 3761 609 3826 numina
623 3760 755 3826 deorum
768 3771 887 3840 tenent,
902 3761 943 3827 de
956 3758 1128 3826 tenuissimi
1141 3755 1257 3819 itidem'

121 3865 262 3954 ipsommr
275 3869 397 3974 battua,
420 3893 547 3958 prorsus
563 3873 706 3951 intactili,
730 3895 789 3938 nec
803 3873 987 3939 admittente
1000 3882 1117 3935 taetrun
1130 3866 1250 3953 utique,

121 3999 180 4044 nec
200 3980 335 4044 vicissim
352 3995 640 4062 exercente,-n0n
662 3983 807 4070 perfimct
807 3985 873 4050 orie
895 3967 1054 4059 disserere,
1077 4003 1134 4044 suo
1154 3978 1250 4065 ipsius

125 4092 218 4155 etiam
232 4093 410 4160 testimonio
424 4093 625 4182 qudlsarme
635 4091 850 4182 oolbgrtur,1n
861 4093 914 4159 lib.
928 4117 958 4160 v
972 4113 1052 4158 verr.
1072 4092 1250 4156 147-158.

126 4223 223 4288 quum
237 4215 493 4293 argtunentorum
507 4207 742 4295 propositorum
759 4207 881 4286 seriem,
904 4205 958 4292 qui
975 4203 1123 4290 sequitu,
1147 4224 1252 4268 versus

130 4312 264 4382 thadat:
297 4367 299 4374 .
