2990 5002
236 456 303 522 xxii
595 459 667 527 AD
689 459 985 528 LECTOREM.

280 640 449 719 ceterum,
464 641 504 706 de
517 645 746 708 commentariis
759 647 847 724 meis,
863 667 940 732 quos
953 643 1056 710 multis
1069 643 1179 734 vigiliis
1192 655 1224 711 et
1237 646 1359 732 impro-

234 751 277 816 bo
291 753 393 818 studio
406 754 564 832 contexui,
579 755 738 841 praecipua
750 755 828 820 mihi
841 755 966 820 felicitas
980 756 1151 844 continget,
1163 773 1165 780 ’
1175 769 1269 844 atque
1281 780 1360 844 pro-

232 865 337 948 positi,
352 864 437 950 quod
451 866 557 928 animo
566 875 692 951 semper
700 865 1029 952 eram'contemplatus‚
1045 879 1121 932 tunc
1131 867 1259 933 demum
1270 891 1361 934 oom-

231 996 289 1060 pos
303 975 388 1052 fiam,
403 976 429 1039 si
443 975 578 1040 rationes
592 976 635 1040 sic
649 976 777 1042 videbor
796 978 831 1040 in
845 979 926 1042 notis
940 979 1165 1044 concinnandis
1186 980 1361 1065 prudenter

231 1097 460 1172 attemperasse,
482 1098 518 1152 ut
540 1109 590 1151 eas
611 1109 669 1151 nec
690 1087 774 1152 docti
794 1087 962 1168 fastidiant,
985 1102 1016 1154 et
1036 1091 1209 1180 intelligant
1229 1101 1361 1176 tyrones

228 1197 399 1275 fructuose3
423 1209 514 1284 atque
528 1195 603 1262 hinc
613 1196 703 1276 adeo,
719 1198 808 1264 sicuti
829 1201 873 1264 ait
885 1199 947 1277 ille,
962 1202 1085 1288 utrique
1098 1203 1144 1266 rei
1158 1201 1290 1266 scienter
1304 1223 1360 1265 oo-

228 1309 430 1387 cucurrerim,
454 1319 490 1372 ut
503 1309 620 1374 mederi
641 1310 756 1394 possim
779 1333 874 1398 quum
897 1312 1039 1391 satietati,
1066 1324 1135 1378 tum
1155 1311 1358 1400 ignorantiae,

228 1421 388 1488 lectorum.
434 1417 627 1494 Quantillum
648 1419 782 1507 denique
794 1421 834 1486 sit
847 1422 934 1501 illud,
950 1423 1035 1510 quod
1055 1423 1206 1488 indefessis
1225 1423 1361 1512 diligen-

227 1529 271 1596 tit
287 1530 432 1616 consequi
446 1529 605 1609 valuerim,
620 1530 719 1615 probe
733 1532 808 1597 scio:
831 1553 889 1596 nec
903 1542 1007 1598 tamen
1021 1535 1117 1600 animi
1126 1534 1291 1620 judicium,
1308 1557 1360 1600 sa-

226 1652 388 1708 eramento
398 1640 568 1712 ,literanum
589 1642 760 1708 liberalium
780 1643 916 1731 legitime
935 1645 1086 1733 obligati,
1100 1657 1132 1710 et
1152 1645 1358 1712 humanitatis
1480 1729 1481 1736 ἶ

227 1752 324 1838 pleni,
340 1751 537 1817 refornddem
541 1779 551 1830 3
575 1774 675 1840 neque
689 1755 734 1828 ita
747 1777 815 1819 sum
829 1755 979 1840 profecto
990 1757 1031 1822 ab
1045 1758 1132 1821 omni
1145 1757 1245 1822 laudis
1254 1777 1359 1844 appe-

226 1863 337 1928 titione
355 1863 484 1941 alienus,
507 1873 620 1927 utnon
642 1863 730 1928 valde
751 1865 874 1950 cupiam
894 1867 1039 1931 secundm
1060 1867 1176 1954 aliquid
1197 1869 1359 1953 opinionis

226 1973 368 2038 mihimet
381 1975 549 2061 acquirere.
594 1974 756 2040 Lividulos
770 1987 874 2040 autem
885 1999 1036 2044 censores
1050 1989 1172 2066 nostros
1192 1977 1358 2045 nihil‘mo-

225 2107 293 2162 τοῖς
316 2084 469 2164 homines,
484 2086 564 2156 veris
577 2085 672 2150 literis
686 2098 741 2151 aut
753 2086 860 2151 leviter
873 2099 1045 2167 contactos,
1061 2101 1126 2168 aut,
1142 2113 1217 2176 quas
1231 2091 1359 2174 arripu-
1401 2143 1403 2148 .

225 2202 318 2278 erint,
333 2204 435 2284 pravis
449 2200 608 2265 affectibus
620 2201 869 2266 dehonestantes:
893 2203 944 2286 qui
960 2201 1125 2290 doctonun
1139 2211 1279 2280 conatus,
1295 2201 1358 2268 illis

225 2301 463 2396 displicentium,
480 2330 521 2372 ex
535 2308 672 2393 professo
686 2310 832 2374 deamant
846 2311 1030 2398 deprimere,
1054 2322 1085 2375 et
1097 2301 1236 2378 fovendis
1251 2313 1357 2380 hono-

225 2421 390 2505 randisque
406 2418 572 2486 Musarum
586 2419 704 2508 asseclis
718 2420 834 2484 nullam
846 2441 972 2503 operam
986 2421 1215 2514 impertiuntur.
1261 2423 1357 2499 Quo-

224 2533 281 2596 ties
301 2553 376 2595 vero
390 2531 581 2607 cessaverim,
605 2541 636 2594 et
649 2531 853 2594 intentionem
868 2531 962 2594 animi
979 2531 1106 2596 videbor
1120 2534 1282 2614 remisisse,
1292 2536 1355 2614 mi-

224 2643 258 2706 bi
280 2641 478 2706 vehementer
499 2639 689 2728 gratulabor,
713 2662 839 2734 aecum
861 2640 938 2704 meis
963 2642 1070 2706 studiis
1095 2641 1222 2710 feliciter
1245 2658 1353 2714 actum

224 2776 289 2818 esse
303 2751 497 2830 existimabO,
513 2752 549 2829 si,
559 2750 733 2816 liberalibus
744 2762 836 2838 atque
845 2772 916 2816 vere
930 2751 1057 2816 eruditis
1071 2776 1190 2820 errores
1200 2756 1353 2824 benevole

223 2862 479 2942 monstrantibus,
500 2861 669 2954 malignam
683 2861 893 2930 cavillatorum
907 2863 1120 2950 intemperiem
1134 2878 1246 2951 potero
1255 2867 1351 2934 lucri·

222 2975 331 3042 facere.
635 2973 638 2977 ’
1014 2991 1016 2998 ’

268 3201 308 3265 ln
322 3200 499 3266 universum
512 3223 596 3281 sane,
611 3202 673 3267 hoc
686 3200 734 3266 vel
754 3202 789 3266 in
802 3203 946 3267 maximis
968 3201 1108 3292 omnium
1126 3228 1146 3270 a
1159 3207 1359 3292 memetipso.

223 3313 427 3378 obtinendmn
442 3335 507 3378 esse
517 3313 680 3380 arbitratus
695 3317 774 3393 sum,
788 3325 823 3378 ut
833 3336 874 3378 ne
884 3314 959 3400 quid
973 3337 1024 3378 me
1032 3327 1140 3401 putem
1154 3318 1244 3395 scire,
1259 3318 1350 3403 quod

221 3425 370 3502 nesciam,
401 3447 600 3512 quaeramque
621 3448 741 3511 semper
762 3425 931 3504 addiscere,
954 3428 1039 3514 quod
1060 3428 1214 3516 ignorem:
1247 3450 1348 3513 quum

221 3536 362 3613 sentiam,
372 3535 475 3602 minus
488 3536 633 3621 prodesse
643 3538 741 3623 perite
751 3537 827 3625 quid
837 3537 948 3616 facere,
964 3543 1059 3626 quam
1066 3539 1172 3604 obesse
1180 3559 1347 3624 perperam

220 3646 336 3712 fecisse.
372 3645 542 3726 Nimirum,
557 3648 591 3712 in
601 3649 839 3734 histemporum
853 3652 1013 3738 angustiis,
1028 3671 1122 3715 nemo
1137 3649 1229 3715 debet
1243 3649 1347 3714 admi-

220 3758 558 3835 rationecommoveri,
583 3759 699 3825 nedum
719 3760 877 3847 indignari
898 3761 1019 3839 debeat,
1039 3761 1081 3839 si,
1101 3759 1266 3830 laboribus.
1281 3761 1358 3828 suis,

220 3869 404 3947 victitantes,
421 3880 452 3933 et
465 3891 500 3933 re
514 3869 657 3934 familiari
678 3870 793 3934 artiore
813 3870 923 3959 vigiliis
938 3871 1064 3948 addicti,
1087 3893 1147 3936 neo
1160 3892 1227 3934 non
1242 3872 1344 3957 (quod

220 3979 267 4042 rei
281 3992 373 4064 caput
390 3981 448 4062 est)
463 3980 545 4044 inter
565 3980 715 4044 librorum
737 3980 938 4046 vetustiorum
952 4003 1055 4044 raram
1068 3980 1161 4052 nimis
1182 3983 1275 4054 nimis
1289 4006 1342 4048 su-

219 4083 399 4175 pellectilem
412 4092 602 4156 tenebricose
614 4091 771 4176 dispalau'3
795 4092 820 4154 si
835 4091 958 4169 scilicet,
972 4091 1021 4154 his
1034 4091 1342 4158 incommoditatibus

219 4199 317 4284 pressi
331 4199 531 4288 districtique,
547 4200 691 4286 quaedam
704 4202 847 4266 emittant
860 4199 992 4292 nimium
1005 4200 1221 4286 deproperate,
1236 4223 1340 4289 neque

220 4310 261 4378 sd
290 4332 426 4400 unguem
450 4323 646 4397 praesectum,
672 4311 933 4400 quemadmodum
953 4309 1108 4391 vellemus,
1132 4312 1338 4408 complanata.
