2990 5002
575 505 920 576 ARGUMENTA.
1221 526 1308 572 xxxv

175 695 253 774 imo,
268 685 296 759 'si
309 695 413 760 anima
427 693 609 759 immortalis
625 700 673 782 (ut
685 695 809 760 Platoni
823 697 924 761 visum
939 695 997 778 est)
1006 694 1206 773 concedatm,
1221 715 1307 758 mor·

174 805 359 872 tem'tamen
373 806 452 871 nihil
465 831 542 886 esse,
558 830 631 873 cum
645 809 750 874 anima
763 820 905 894 separata
919 829 985 872 non
995 807 1184 884 meminerit,
1200 829 1233 870 se
1246 805 1307 870 un·

175 940 271 1005 quam
291 931 385 984 antea
406 920 567 984 exstitisse.
617 917 766 998 Proinde,
791 920 832 985 ad
853 943 916 984 ver.
939 900 1013 984 906.
1035 914 1117 983 ridet
1137 917 1303 982 homiuum

174 1052 287 1094 vanam
309 1031 349 1095 de
370 1030 526 1117 sepulturi
548 1031 786 1096 solicitudinem:
809 1030 924 1095 deinde
945 1031 1149 1109 demonstrat,
1172 1041 1307 1095 mortem

172 1163 239 1208 non
249 1167 316 1210 esse
329 1143 457 1222 malum,
473 1145 547 1232 quia
556 1144 673 1208 mortui
686 1165 752 1208 non
766 1142 908 1231 indigent
921 1143 986 1208 istis
1000 1143 1102 1222 bonis,
1119 1142 1231 1229 quibus
1245 1141 1308 1205 vivi

172 1255 323 1344 gaudent,
346 1279 447 1344 neque
468 1257 534 1321 istis
548 1252 707 1322 doloribus
728 1253 915 1334 afficiuntur,
939 1257 994 1343 qui
1014 1257 1143 1320 miseros
1157 1251 1304 1318 mortales

171 1369 324 1448 cruciant,
339 1391 437 1456 nsque
451 1369 570 1434 adver.
585 1375 659 1432 948.
705 1367 812 1433 Vitam
833 1368 928 1433 etiam
941 1368 1042 1454 ipsam
1062 1379 1132 1432 non*
1143 1389 1208 1432 esse
1222 1365 1303 1430 desi-

171 1479 353 1559 derabilem,
369 1481 484 1568 quippe
498 1502 570 1568 quae
584 1479 663 1544 nihil
676 1482 750 1545 novi
771 1479 891 1560 afferat,
907 1480 961 1544 sed
975 1479 1098 1545 easdem
1113 1501 1235 1565 semper
1248 1499 1304 1542 vo-

170 1590 303 1678 luptates
324 1591 423 1680 usque
434 1593 476 1658 ad
490 1605 638 1658 nauseam
659 1591 881 1671 subministret,
904 1591 946 1656 ad
958 1615 1023 1658 ver.
1039 1599 1111 1657 990.
1157 1590 1208 1655 Ne
1228 1612 1303 1655 vero

10 1693 11 1774 l
142 1771 144 1774 ,
170 1703 239 1768 istae
252 1691 376 1782 febulaess
392 1727 469 1792 quas
476 1705 580 1790 podtae
593 1714 735 1782 narrant,
751 1703 791 1768 de
798 1703 903 1768 inferis
918 1715 949 1768 et
958 1705 1060 1790 poenis
1073 1714 1145 1789 post
1154 1713 1301 1800 moriem,

169 1815 309 1881 terreant
321 1816 478 1894 mortales,
493 1815 568 1880 inde
581 1814 698 1882 adver.
718 1821 808 1880 1066.
825 1837 933 1880 omnes
945 1815 1012 1880 illas
1026 1812 1192 1880 commodi
1205 1815 1301 1878 inter-

169 1927 345 2012 pretatione
368 1927 474 1991 elevat.
520 1926 629 2003 Unde,
656 1947 754 2012 usque
776 1927 817 1992 ad
839 1927 936 1990 finem
958 1925 1049 2011 hujus
1072 1925 1156 2004 libri,
1181 1935 1302 2004 monet,

167 2037 529 2124 plerosque'mortalium
550 2037 656 2122 inepte
669 2049 702 2102 et
715 2036 849 2103 absurde
870 2038 910 2102 de
923 2050 1025 2104 morte
1039 2037 1142 2126 queri3
1167 2059 1239 2102 oum
1254 2059 1302 2102 se·

168 2149 354 2235 pientissimi
367 2148 545 2227 hominum,
560 2159 592 2212 et
598 2147 802 2234 potentissimi
817 2149 933 2215 ducum
947 2151 1222 2236 etimperatorum,
1238 2148 1302 2214 vim

170 2257 250 2323 dire
263 2259 450 2324 nenessitatis
462 2261 625 2324 senserint:
642 2282 678 2324 ac
687 2259 790 2339 docet,
805 2260 878 2325 ideo
892 2261 1037 2335 mortales
1047 2263 1143 2327 vitam
1151 2260 1302 2327 solicitam

169 2379 201 2435 et
209 2370 379 2457 inquietam
393 2393 497 2458 agere,
513 2370 599 2456 quod
607 2369 691 2434 hanc
701 2371 811 2434 mortis
825 2371 1119 2458 contemplationem
1132 2373 1301 2463 refirgi'ant,

168 2494 200 2546 et
220 2483 326 2568 inepte
347 2482 427 2547 votis
450 2481 602 2545 omnibus.
619 2501 689 2544 eam
711 2480 807 2547 vitam
830 2495 990 2568 expetente
1014 2507 1110 2572 quam
1132 2485 1302 2572 aliquando

169 2593 311 2658 amissuri
332 2606 415 2672 sunt,
431 2615 503 2681 quae
517 2591 636 2658 nnllam
648 2614 763 2657 novam
777 2593 970 2680 voluptatem
992 2595 1112 2676 afferat,
1127 2597 1301 2662 innumeris

169 2725 243 2770 vero
264 2703 423 2770 doloribus
445 2707 478 2769 et
496 2703 641 2791 periculis
662 2704 801 2770 obnoxia
825 2705 989 2784 reddatur;
1004 2708 1202 2792 presertim,
1226 2731 1301 2775 cum

169 2816 574 2910 altendonihil‘detmhmt
587 2817 629 2883 de
642 2828 783 2904 tempore
792 2817 920 2898 mortis,
936 2839 1009 2908 qnae
1021 2829 1128 2887 menet
1141 2842 1251 2888 onmes
1264 2821 1298 2884 in

170 2939 332 2995 eternum.
618 2954 620 2960 ¹
666 2951 669 2958 ¹
970 2957 974 2964 ·
1222 2933 1225 2940 ’

358 3293 429 3378 IN
467 3293 726 3419 LIBRUM
766 3293 1140 3410 0011000οᾳ

211 3604 314 3682 QUA
328 3627 431 3693 'snpra
444 3607 524 3672 libro
537 3608 642 3693 primo
654 3628 728 3676 usus
749 3619 796 3676 est
810 3614 1043 3699 comparatione
1058 3615 1234 3690 Lueretius,
1249 3624 1294 3682 nt

171 3713 316 3784 Memmii
334 3715 546 3784 sui'animnm
565 3715 717 3808 tantisper
738 3707 976 3791 e'eontentione
996 3727 1163 3803 relaxarem
1187 3720 1297 3788 eidem

169 3825 252 3893 huno
265 3829 381 3908 librum
395 3825 650 3928 qnsrtdmaver.
670 3840 697 3897 1..
712 3831 754 3900 ad
768 3857 832 3900 ver.
847 3842 899 3902 66.
915 3833 1102 3924 auspicatio,
1125 3849 1161 3902 ut
1175 3835 1297 3900 audito·

169 3961 234 4004 rem
249 3941 454 4007 sibi'docilem
475 3942 596 4023 reddat,
617 3937 649 4010 et
662 3939 825 4012 attentum.
863 3943 916 4013 'IL
931 3948 1022 4014 Libri
1042 3947 1134 4032 hujus
1148 3939 1298 4034 proponit

168 4065 396 4141 argmnentum,
410 4055 496 4142 quod
506 4075 548 4121 ex
557 4056 713 4137 industrii·
721 4063 794 4126 oum
805 4055 1014 4147 seperion‘bus
1025 4061 1189 4126 mnneetit
1214 4061 1298 4126 (lton
1325 4145 1327 4154 ‚

167 4165 255 4228 enim
262 4167 371 4252 primo
381 4178 412 4230 et
426 4167 563 4235 secundo
585 4169 971 4250 libro¹abundedooue1it
988 4191 1062 4258 qnae
1074 4185 1105 4237 et
1118 4167 1221 4260 qbalia
1235 4169 1297 4236 sint

167 4297 269 4342 rerum
283 4277 466 4363 primordia,
482 4279 594 4366 quibus
608 4279 717 4370 liguris
731 4283 970 4369 disfincta‚‘quo
982 4297 1074 4350 motu
1088 4284 1238 4361 ferantur,
1259 4303 1296 4346 ac

167 4399 291 4454 &teras
305 4411 354 4462 res
368 4403 545 4477 procreent,
566 4393 648 4465 libro
663 4394 737 4460 ver'o
752 4395 845 4461 tertio
860 4397 973 4462 animae
988 4395 1190 4486 atque'enimi
1205 4405 1300 4461 001οἐ

726 4507 747 4557 C
765 4497 788 4554 2
