2990 5002
493 439 564 505 nn
586 436 883 520 taurorum.
1185 463 1249 506 xxv

131 626 208 690 sime
222 625 445 705 incumbentes,
461 626 547 712 prius
561 623 716 703 volumen,
732 635 768 689 ut
778 635 1008 689 antecursorem
1017 625 1184 712 quendam,
1197 627 1250 714 qui

128 733 285 821 publicam
299 737 478 823 opinionem
489 738 638 822 speculari
653 738 765 825 quiret,
780 749 811 800 ct
824 736 958 826 gratiam
972 739 1129 823 aucupari,
1144 761 1249 803 neces·

130 870 199 912 sum
213 847 309 912 habui
323 851 523 935 praemittere:
546 863 578 914 et
591 863 694 914 actum
709 861 755 913 est
767 848 906 935 profecto
921 847 961 912 de
973 847 1105 913 fortruris
1118 850 1205 928 meis,
1218 860 1250 914 et

131 959 319 1025 editionibus
332 964 495 1046 po'e’tarum
509 972 647 1025 veterum
660 983 716 1046 per
730 961 856 1026 sudores
877 982 962 1024 meos
976 960 1010 1023 in
1023 958 1162 1024 firturum
1175 984 1248 1046 pro-

130 1072 288 1150 curandis,
310 1073 368 1134 nisi
384 1072 498 1136 sithoc
512 1072 667 1156 specimen
686 1071 776 1137 lautis
784 1071 939 1156 judicibus
960 1071 1124 1136 liberaliter
1138 1093 1248 1158 excep-

129 1192 206 1246 tum:
233 1182 318 1268 quod
333 1207 406 1248 sane
419 1183 468 1278 vel
481 1184 522 1248 ad
536 1183 622 1248 omni
635 1183 711 1247 luxu
725 1182 950 1269 typographico
964 1183 1247 1263 condecorandam,

126 1315 188 1379 quo
209 1293 369 1379 pulchrius
390 1296 508 1358 veniret
528 1294 717 1384 elegantibus
730 1292 900 1358 formanrm
921 1295 1142 1380 spectatoribus
1163 1317 1249 1360 oom-

126 1406 322 1483 mendatum,
354 1417 517 1492 apparatus
546 1426 586 1470 ne
607 1405 861 1491 sumptuosissimi
890 1405 1014 1492 quidem
1043 1419 1248 1472 cessaverunt.

128 1517 265 1595 Interea,
289 1517 419 1582 candide
439 1515 546 1594 lector,
569 1529 601 1581 et
621 1515 752 1582 erudite!
785 1516 901 1582 indices
922 1517 998 1597 duo,
1021 1517 1096 1583 alter
1125 1520 1248 1584 criticus

26 1625 28 1706 l
127 1630 272 1694 omnium
285 1631 320 1692 in
334 1630 561 1695 commentariis
578 1629 798 1695 notabiliorum
812 1629 997 1710 uberrimus,
1021 1642 1052 1695 at
1065 1630 1142 1696 alter
1162 1630 1247 1696 locu·

26 1732 32 1792 l
127 1740 312 1825 pletissimus
325 1743 503 1820 verborum,
524 1742 605 1807 libro
620 1753 707 1806 sexto
729 1743 936 1828 subjicientia.
981 1743 1064 1820 Qua
1085 1755 1248 1829 supersunt

128 1865 244 1931 autem,
260 1854 380 1939 prelum
395 1855 603 1920 strenuissime
618 1866 776 1932 exercent,
799 1867 831 1919 et
844 1855 949 1940 paucis
964 1854 1078 1920 abhinc
1091 1854 1247 1919 mensibus

128 1961 190 2028 boc
205 1963 363 2043 volumen,
379 1966 451 2030 Deo
465 1964 598 2044 favente,
612 1966 821 2051 insequentur.
864 1961 955 2029 Vale!

26 2143 28 2212 l
149 2188 183 2248 E
200 2185 318 2248 Musaeo
331 2206 393 2247 meo

121 2317 223 2379 prope
243 2297 425 2374 Modicum,
548 2369 552 2380 ¹

141 2407 283 2472 Noverat.
298 2409 408 2472 dieas.
