3042 4994
402 295 411 306 ”
500 363 676 442 ursan
713 363 946 446 Parmos.
1216 374 1295 440 rra

277 571 329 650 Id,
345 568 430 658 quod
444 567 652 656 Anaxagoras
667 565 724 630 sibi
739 551 846 646 sumit3
868 547 906 632 ut
919 549 1066 632 omnibus
1080 565 1199 631 omneis

279 683 343 748 Res
357 692 446 770 putet
459 677 606 746 inmixtas
620 678 712 746 rebus
725 677 858 756 latitare,
873 679 928 744 sed
941 677 1019 744 illud

279 793 443 880 Asparem
457 813 567 869 unum,
579 790 691 878 quoius
705 790 767 854 siut
780 788 1038 874 plurima-mixta,
1060 822 1063 830 ·
1129 881 1132 888 ¹

280 905 324 970 Et
337 905 436 994 magis
450 905 483 967 in
497 912 658 988 promptu,
681 899 844 986 primique
857 899 891 962 in
904 898 1018 979 fronte,
1033 899 1147 966 locata:
1166 929 1169 940 ·
1200 955 1212 970 .,

196 1025 259 1083 880
283 1017 381 1094 Quod
395 1029 500 1082 tamen
515 1038 535 1080 a
548 1012 620 1080 veri
634 1014 729 1102 longe
743 1013 864 1080 ratione
877 1013 1034 1098 repulsum
1048 1025 1104 1078 est

281 1128 495 1194 Conveniebat
509 1126 592 1192 enim
606 1125 711 1214 fruges
724 1145 849 1211 quoque
863 1144 957 1210 saepe,
972 1124 1088 1188 minaci

281 1241 410 1306 Robore
424 1261 520 1326 quom
533 1239 568 1302 in
582 1238 652 1302 saxi
665 1235 864 1325 franguntur,
879 1236 1002 1302 mittere
1016 1236 1142 1323 siguum

284 1352 463 1440 Sanguinis,
479 1362 533 1416 aut
546 1343 678 1437 aliquid,¹
688 1335 797 1414 nostro
811 1369 882 1434 quae
895 1367 1027 1432 corpore
1040 1347 1177 1424 ahtan}

185 1459 189 1464 ’
279 1461 387 1540 Quom
400 1461 536 1550 lapidem
549 1462 584 1528 in
597 1460 733 1548 lapidem
747 1459 891 1540 terimus,
903 1481 1031 1524 manare
1045 1481 1201 1528 cruorem:
1262 1514 1265 1520 ,

172 1699 247 1763 ipsam
259 1716 314 1750 rem.
344 1698 422 1751 Haud
431 1698 500 1746 aliter
511 1695 624 1762 equidem
634 1694 723 1748 intelli·
755 1697 786 1744 oh
796 1693 927 1744 admimum
943 1708 993 1742 rer.
1005 1695 1060 1744 874.
1076 1708 1133 1742 cum
1150 1690 1302 1748 maximita-

172 1797 229 1846 μω
239 1777 381 1845 Virgilium,
399 1780 517 1830 Mein,
530 1785 584 1830 668,
755 1773 865 1838 gentium
886 1769 1088 1820 incommoditate.
1130 1767 1216 1834 Porro,
1240 1774 1303 1824 inter

646 1845 650 1854 “
755 1857 832 1918 lapidi
848 1864 872 1903 et
891 1857 992 1918 lapidem
1011 1855 1154 1906 intererunt
1174 1858 1200 1904 t'n
1222 1857 1322 1908 omnia.

753 1940 845 1981 vetusta
855 1931 999 1993 exemplaria
1013 1940 1098 1993 prater
1115 1938 1143 1980 Δ.
1161 1939 1211 1980 tam
1228 1948 1304 1982 manu

754 2010 849 2072 scripta,
867 2024 939 2073 quam
950 2008 1013 2072 typis
1026 2023 1146 2070 expresm
1162 2020 1187 2056 et
1201 2011 1304 2072 lapideas

173 2085 189 2132 i.
201 2099 222 2132 a
233 2084 259 2131 in
270 2086 361 2145 scopulo
374 2081 493 2146 vegrandi,
510 2081 541 2131 ad
554 2097 623 2132 auras
633 2082 724 2132 distric-
756 2086 848 2151 legunt,
860 2101 902 2149 pro
912 2087 996 2147 lapidi,
1008 2085 1036 2134 Ρ.
1048 2084 1122 2135 vind
1134 2084 1164 2133 V.
1175 2084 1212 2135 ed.
1229 2087 1258 2136 Β.
1275 2095 1304 2138 Δ.

174 2173 240 2220 tum;
257 2161 283 2210 in
295 2161 401 2224 scopulo,
411 2163 453 2226 qui
463 2179 488 2212 sa
498 2177 665 2225 oppressurum
676 2180 725 2214 esse
759 2173 794 2214 a.
810 2163 878 2212 etsie
888 2161 1008 2212 odeum
1018 2163 1106 2212 cenaui.
1140 2162 1190 2211 Pro
1199 2166 1307 2226 mimus,

176 2241 315 2305 ingentibus
324 2241 401 2290 ruinis
411 2242 492 2290 omnia
502 2242 613 2290 minatur.
759 2244 788 2291 L.
800 2245 837 2292 M.
854 2253 977 2299 mernor,
995 2242 1026 2290 0.
1045 2251 1150 2298 tenuem
1169 2248 1197 2292 1.
1213 2251 1306 2294 tenuent

208 2320 266 2370 Ver.
282 2326 338 2370 882.
367 2323 408 2372 in.-
434 2323 496 2370 hano
514 2323 602 2370 hebent
619 2322 728 2372 voculam
760 2322 794 2376 ia,
812 2317 904 2370 mutotd
926 2337 955 2368 ec
972 2321 998 2368 ia
1020 2318 1126 2388 muana.
1159 2318 1225 2368 Mihi
1240 2335 1308 2382 sane,

167 2396 254 2462 ¹Vind.
261 2398 294 2446 V.
302 2396 339 2447 ed.
348 2399 378 2448 B.
386 2399 415 2446 L.
424 2397 460 2446 M.
468 2406 495 2448 Σ.
504 2409 538 2448 n.
549 2401 615 2448 abest
624 2399 727 2464 relmuia
759 2395 867 2462 quamvis
877 2395 935 2444 olim
945 2410 975 2444 ex
985 2394 1068 2444 innati
1078 2404 1162 2458 apoute
1172 2397 1307 2460 municione

178 2473 306 2540 Intelligas
315 2485 404 2534 autern,
415 2475 452 2524 rel
463 2493 504 2540 per
514 2477 609 2526 tmesim
616 2478 729 2527 Lucretio
760 2476 856 2540 nigrum
868 2477 932 2523 theta
942 2474 1020 2522 versui
1028 2474 1185 2536 praefixeram,
1196 2484 1221 2524 et
1230 2477 1309 2538 apuni-

179 2552 366 2613 usitatisaimam,
387 2569 430 2617 pro
452 2555 627 2620 infringuntur,-
647 2556 684 2604 vel
701 2561 728 2606 r'a
761 2568 802 2600 um
819 2543 960 2614 pronunciat
976 2545 1048 2598 ‘etiam
1066 2551 1198 2613 Bentleiua,
1219 2563 1309 2616 metuet

179 2635 273 2695 robore,
284 2635 331 2686 ᾗς,
341 2652 394 2684 ,um
405 2636 500 2694 whom
511 2644 539 2683 ua
549 2635 626 2684 θηρὶ
635 2655 663 2684 „,·
676 2635 730 2685 vide
762 2630 788 2676 in
799 2629 880 2677 omnia
890 2627 992 2676 versanti
1001 2643 1140 2689 persuasum
1155 2638 1199 2690 est,
1217 2631 1307 2694 optime

178 2728 232 2773 nos,
250 2713 305 2762 silv.
320 2714 377 2764 erit.
388 2713 418 2762 iv.
429 2730 452 2777 p.
467 2719 519 2764 101.
538 2714 650 2765 valerius
661 2715 729 2764 Flac·
761 2708 828 2757 libris
838 2708 893 2756 stari
905 2724 979 2770 posse.
991 2707 1011 2754 si
1022 2708 1122 2769 accipias
1135 2725 1231 2758 versum
1240 2711 1309 2774 quasi

179 2790 324 2859 0252541,
761 2800 804 2847 per
824 2783 934 2848 exegesin
955 2782 1020 2844 addi,
1043 2787 1203 2833 stomachante
1219 2787 1309 2852 scilicet

761 2867 879 2926 nonnihil,
896 2874 967 2928 atque
984 2865 1097 2914 irridente
1114 2865 1214 2928 ineptias
1225 2867 1308 2916 adver.

761 2943 876 2992 sariorum
887 2942 1006 2991 Lucretio.
1036 2943 1132 2990 Dixisse
1147 2943 1217 2992 illum
1227 2955 1308 3008 puteat

762 3025 781 3051 “
792 3021 845 3079 Dii,
864 3029 966 3068 vostram
981 3019 1063 3070 iidem!
1082 3021 1223 3082 perridicula
1237 3023 1310 3086 plane

181 3091 263 3149 Quem
273 3089 344 3140 adeas
354 3089 427 3140 etiam
444 3089 475 3139 ad
489 3106 510 3141 v.
519 3097 575 3144 349.
591 3101 616 3142 ot
625 3094 658 3144 ibi
669 3095 732 3144 Bur-
764 3104 781 3128 ⁸‘
791 3100 890 3146 resbaco
901 3107 944 3159 est,
955 3114 1027 3161 quam
1038 3099 1110 3148 modo
1122 3100 1247 3162 declarari3
1259 3104 1312 3152 fra.

181 3183 307 3218 mannum.
765 3181 782 3207 ‘⁴
794 3193 836 3240 gas
848 3177 990 3241 sanguinem
1000 3178 1117 3228 emittere!
1135 3182 1236 3242 lapidem
1246 3181 1311 3230 scili·

215 3248 273 3296 Ver.
294 3251 348 3296 88³.
373 3249 513 3310 Saagatais:
539 3258 574 3298 n.
592 3250 733 3312 Sangala-
765 3262 782 3288 ‘¹
794 3267 838 3314 cet,
849 3261 875 3307 in
885 3262 985 3322 lapidem
996 3259 1089 3320 tritum,
1099 3259 1206 3310 diffluere
1214 3265 1310 3316 muare!

180 3327 287 3390 aliquid:
307 3337 338 3376 11.
357 3329 438 3386 alienu
457 3337 491 3378 n.
507 3330 590 3387 alium,
609 3344 666 3377 cum
682 3330 732 3380 edi·
765 3333 862 3383 “Talia
884 3346 964 3384 autem
980 3353 1062 3400 graves
1080 3337 1231 3402 philosophos
1247 3341 1311 3401 affir-

183 3405 290 3454 tionibus
310 3404 439 3466 hodiernis,
461 3421 505 3467 pro
527 3409 640 3465 aliorum
657 3409 732 3470 male3
766 3417 783 3443 ⁸⁶
795 3427 861 3460 mare
881 3429 931 3461 non
953 3413 1102 3464 embuissel”
1131 3415 1193 3464 Haec
1214 3415 1313 3482 fortasse

183 3482 251 3546 quasi
262 3481 351 3530 scilicet
363 3499 494 3544 pronomen
505 3501 583 3534 eoram
594 3485 691 3547 optime,
710 3498 734 3536 et
764 3489 862 3538 lectores
871 3485 937 3538 haud
947 3491 1086 3552 respuerint,
1102 3508 1159 3541 cum
1169 3493 1200 3541 sit
1210 3495 1313 3558 exempli

183 3556 216 3606 ad
226 3557 371 3620 optimorum
379 3560 520 3622 scriptorum
528 3564 732 3626 consuetudinem,
764 3567 860 3628 pessimi
870 3567 971 3628 facinus,
988 3568 1034 3616 nisi
1053 3569 1079 3618 in
1090 3585 1115 3617 re
1126 3585 1221 3632 prorsus
1230 3569 1313 3634 deplo-

184 3635 333 3706 subintelligi
343 3655 394 3688 uon
409 3650 607 3707 poterat—quo:
627 3645 658 3694 G.
675 3661 732 3708 qua·
765 3643 823 3701 rati.
840 3653 940 3694 etextra
950 3661 1048 3694 omnem
1066 3647 1218 3696 cordatorum
1233 3649 1313 3696 bomi-

186 3724 218 3764 11.
230 3731 290 3764 eum.
766 3737 826 3769 num
843 3721 1014 3771 dubitationem
1027 3725 1127 3787 jacente,
1147 3723 1230 3772 surdas
1245 3739 1315 3774 aurea

183 3792 253 3842 Huic
263 3793 343 3842 versui
353 3794 475 3858 subjicittu
485 3796 511 3844 iu
522 3796 588 3846 libris
599 3798 733 3849 communi·
766 3799 931 3848 universorum
941 3800 1049 3850 codicum
1060 3801 1169 3850 unanimi
1177 3801 1313 3850 testimonio

183 3872 235 3930 bus,
247 3873 289 3937 qui
300 3873 415 3936 sequimr:
765 3879 893 3926 obvertere.
928 3880 951 3926 A
962 3893 1001 3925 me
1012 3877 1095 3926 saltem
1111 3881 1172 3925 hanc
1188 3887 1314 3929 contuma-

206 3995 264 4036 ΒΜ
273 3995 520 4048 mmmmm
535 4008 733 4042 mmmmm·
766 3953 962 4016 ciamprocedere
974 3967 1096 4018 nunquam
1107 3953 1187 4014 velim,
1196 3955 1314 4018 etparcis·

521 4024 528 4046 ⁹
728 4031 733 4042 '
767 4032 827 4080 sime
837 4046 997 4095 processuram
1008 4030 1117 4094 spondeo

179 4119 259 4168 ¹quom
266 4104 361 4167 judicat
370 4108 448 4156 Faber
457 4106 622 4158 adulterinum
638 4126 697 4171 esse,
713 4121 737 4160 et
800 4111 857 4158 Ver.
869 4114 923 4157 884.
939 4111 1020 4157 tertis
1038 4109 1077 4156 Ita
1092 4107 1180 4172 legitur
1196 4109 1223 4159 in
1234 4109 1266 4160 V.
1277 4110 1315 4161 ed.

180 4187 274 4251 *notum
284 4197 314 4228 er
324 4182 475 4246 glossemate,
494 4185 576 4234 sessim
588 4192 647 4250 ⁴882.
663 4188 735 4238 inter-
769 4189 798 4236 Β.
810 4188 839 4235 L.
856 4187 893 4234 Μ.
913 4186 943 4235 0.
961 4193 989 4235 Δ.
1006 4195 1038 4234 n.
1055 4197 1089 4235 m.
1105 4187 1210 4252 reliquis,
1221 4188 1314 4248 tertam

437 1918 458 1954 et
464 1919 494 1962 te,
502 1911 597 1962 catulus,
605 1912 676 1952 macl

221 1977 347 2017 Pendentem
355 1976 442 2026 scapulo:

202 2934 306 2963 -cum
314 2923 391 2963 subitus
398 2923 466 2962 uiant
475 2926 582 2976 separans
588 2925 610 2964 in
618 2926 676 2966 lrastd

204 2983 394 3025 cundetamtundo
401 2990 463 3034 caput
471 2984 555 3024 extulit.

108 4321 114 4333 Ι
185 4265 342 4320 pretamento.
374 4262 736 4329 Emeitumeneditioneejec-
769 4281 823 4330 quae
833 4265 903 4314 lectio
914 4263 1003 4327 placuit
1012 4264 1149 4314 editonbusz
1163 4267 1317 4316 sedimmeri·

184 4341 241 4392 lum
252 4335 328 4397 uolui,
339 4339 380 4390 sed
390 4339 416 4390 iu
427 4355 584 4390 numerorum
595 4343 738 4396 sedemnon
770 4353 812 4405 to,
826 4360 903 4410 quum
919 4344 995 4406 sapiat
1007 4344 1169 4407 importunam
1185 4345 1318 4409 castigatio·

186 4419 317 4478 receptum,
335 4429 366 4466 ue
382 4417 408 4467 ia
424 4419 468 4468 hac
479 4419 661 4484 re'pemrrbatio
671 4419 739 4473 fieret
771 4438 827 4473 nem
843 4421 992 4489 grammatici
1003 4423 1084 4474 minus
1097 4422 1170 4484 docti,
1186 4422 1318 4486 planiorem
