2990 5002
502 430 574 502 AD
603 429 902 500 LECTOREM..
1093 537 1096 547 k
1217 435 1280 502 -xiti

141 617 280 695 nouisse,
296 617 350 704 qui
363 625 546 682 contextum
560 617 719 703 scriptoris·
739 615 911 704 cujuslibet,
926 617 1108 684 auctoritate
1121 619 1278 684 membre-

144 751 260 796 narum
274 729 381 796 leviter
396 726 588 807 conculcati,
603 730 738 815 propriis
748 729 933 816 conjecturis
941 728 1149 810 inferciendis,
1161 754 1218 817 per
1232 731 1277 798 ef·

143 843 293 931 fusiorem
306 843 474 922 ticenum,
490 853 585 928 etque
598 842 805 910 inconsultam
818 844 918 932 magis
932 843 1149 922 temeritatem,
1163 845 1278 930 possim

144 955 343 1042 praefrsctius
354 956 497 1021 vitiatum
511 967 543 1020 et
557 954 758 1041 deturpatum
772 955 902 1022 dederit.

194 1182 332 1246 Creechii
354 1182 388 1245 in
418 1181 602 1248 Lucretium
630 1182 742 1247 merite
765 1182 859 1272 longe
881 1182 1009 1248 inferius
1035 1183 1151 1269 jacere,
1182 1201 1279 1268 qusm

144 1293 235 1380 quod
264 1291 374 1382 vulgus
399 1293 495 1360 soleat
520 1294 710 1372 existimare,
734 1306 851 1360 memet
872 1294 980 1360 habeo·
999 1293 1275 1381 persuasissimum.

146 1405 235 1470 Eum
250 1405 373 1484 alicubi,
389 1415 426 1472 ut
441 1405 596 1472 Gessendi
609 1405 807 1494 plagiarium,
824 1405 1054 1472 Valckenaiirns
1076 1406 1277 1472 insimulavit·

142 1539 187 1580 ea
200 1539 274 1588 vero
289 1532 447 1604 utcunque
461 1540 556 1583 seres
570 1517 696 1597 habeat,
712 1530 795 1584 certe
809 1519 946 1606 iniquior
960 1529 1050 1597 esset,
1066 1519 1119 1605 qui
1141 1517 1277 1597 leudem,

143 1628 273 1694 utilibus
288 1630 352 1715 ejus
366 1629 407 1695 ad
420 1628 637 1696 illustrandum
654 1629 839 1696 Lucretium
852 1630 1045 1696 collectaneis
1059 1629 1281 1718 philosophicis

139 1741 342 1828 acquisitam,
357 1753 484 1828 cuperet
498 1741 650 1820 deterere,
666 1742 692 1806 si
714 1741 822 1828 modo,
838 1763 910 1830 quae
932 1742 1011 1806 citra
1032 1743 1278 1808 controuersiam

141 1829 313 1938 sumpserit
327 1853 464 1931 aliunde,
479 1853 675 1939 promptiore
685 1853 791 1916 orrirno
805 1851 1003 1932 adnuctores
1023 1853 1142 1936 primos
1164 1853 1278 1920 referre

144 1964 196 2028 vir
209 1965 395 2053 ingeniosus,
404 1964 454 2030 ille
469 1988 501 2028 se
515 1975 662 2048 paratum
676 1962 867 2027 ostendisset.

192 2189 234 2254 In
247 2188 386 2254 maximni
399 2201 489 2276 porte
502 2169 685 2257 meritorum
698 2189 910 2274 Hanercompi
920 2207 1018 2276 pono,
1034 2189 1120 2277 quod
1134 2190 1278 2260 codicum
1320 2241 1323 2248 ⁴

140 2300 408 2388 Lugdunensium
422 2302 652 2392 diligentiorem
666 2302 758 2367 nobis
779 2301 974 2368 collationem
997 2304 1278 2388 repraesentaverit,
1308 2289 1310 2294 ’

142 2423 178 2478 et
192 2413 284 2478 amici
310 2414 357 2478 sui
379 2415 524 2502 Preigeri
544 2414 708 2481 nonnullas
733 2415 1027 2494 animadversiones,
1053 2415 1191 2480 eruditos
1212 2415 1278 2481 illes

142 2537 323 2612 scutisque,
339 2527 529 2612 protraxerit
542 2529 576 2592 in
590 2528 702 2594 lucem:
725 2551 801 2593 nem
814 2528 1010 2610 doctissimus
1024 2527 1125 2592 editor
1139 2528 1180 2594 de
1193 2543 1279 2614 penu

112 2629 114 2634 ⁸
143 2637 276 2731 proprio
290 2638 486 2723 paucissima,
502 2661 562 2704 nec
575 2661 613 2706 es
626 2638 754 2726 quidem
767 2640 875 2728 magni
888 2639 993 2725 pretii,
1008 2638 1211 2726 deprompsit.

146 2915 164 2948 ,¹
191 2862 311 2930 Ventm
325 2865 509 2944 enimvero,
531 2865 667 2951 nequis,
691 2887 794 2930 mores
819 2885 905 2930 meos
929 2863 1016 2928 haud
1040 2873 1188 2948 expertus
1206 2848 1290 2941 usu,¹

147 2997 288 3042 ceunrrae
309 2977 469 3042 severioris
489 2975 618 3042 fortasse
638 2976 784 3062 postulet,
806 2973 882 3044 libet
894 2976 1021 3040 Etrusci
1038 2973 1204 3060 judicium,
1227 2998 1278 3042 su·

146 3111 203 3175 per
216 3087 277 3156 hoc
298 3111 333 3154 re
347 3089 381 3154 in
401 3088 588 3156 bibliothecis
614 3087 730 3156 Latini
755 3087 889 3156 Fabricii
914 3087 1126 3182 sactum-vice
1138 3106 1278 3176 propug-

146 3199 262 3280 naculi,
278 3201 476 3290 subjungere:
501 3202 684 3270 “Omnino
706 3201 861 3289 hocopus
879 3223 969 3268 suum
991 3198 1191 3288 peritioribus
1211 3221 1277 3264 non

148 3321 173 3355 ‘⁴
189 3313 278 3378 valde
291 3313 436 3399 probavit
451 3313 701 3403 Hevercempus·
747 3314 835 3406 Inter
847 3333 958 3380 omnes
973 3312 1107 3378 editores
1120 3309 1277 3396 principe,

148 3432 174 3466 “
189 3435 238 3490 tus
252 3425 384 3494 debetur
394 3425 552 3494 Lambino
561 3440 592 3494 et
608 3426 776 3506 Creechio;
797 3425 872 3492 huic
885 3425 927 3492 ad
936 3421 1172 3512 intelligendum
1185 3443 1277 3488 max·

12 3561 13 3600 r
148 3545 173 3580 “
188 3537 262 3615 ime,
277 3537 321 3602 illi
334 3538 429 3607 etium
443 3539 484 3604 ad
502 3525 641 3608 criticam
662 3539 827 3604 rationem
871 3536 946 3615 Sed,
970 3536 1024 3623 qui
1044 3534 1101 3604 hes
1122 3555 1172 3600 res
1193 3545 1277 3602 recte

148 3657 173 3693 ‘⁶
188 3659 323 3716 tractore
335 3651 444 3736 possit,
460 3653 500 3730 is,
523 3653 549 3718 si
563 3653 718 3738 suscipere
734 3673 850 3716 novem
868 3651 1037 3718 editionem
1066 3650 1139 3716 velit
1149 3643 1277 3728 suerius

148 3769 174 3803 ‘⁸
188 3759 238 3838 eir,
262 3783 334 3848 quoe
358 3761 454 3828 hodie
466 3763 574 3850 peritis
587 3763 762 3849 probetur,¹
773 3774 805 3828 et
819 3762 906 3849 cujus
922 3762 1072 3848 exempla
1093 3761 1276 3830 'recentioris

12 3857 13 3892 ¹
149 3880 175 3914 ‘⁶
189 3874 339 3960 temporis
353 3873 515 3954 habemur,
534 3896 682 3964 magnam
703 3873 828 3940 laudem
848 3895 960 3960 perere
981 3873 1040 3938 nbi
1060 3872 1166 3957 possit.
1212 3873 1277 3940 Sed

148 3991 174 4028 ‘⁸
188 3983 268 4052 absit
277 3987 391 4054 usitata
404 3989 517 4052 nostris
527 3986 719 4073 temporibus
732 3985 900 4064 festinatio,
915 3997 947 4051 et
960 3985 1040 4050 lucri
1052 3982 1196 4069 cupidoi'

191 4210 260 4278 Hae
274 4225 347 4280 snut
364 4235 472 4280 omnes
489 4213 641 4280 editiones
664 4210 816 4290 Lucretii,
840 4220 993 4300 quantum
1015 4209 1162 4298 equidem
1185 4207 1275 4274 intel-
1348 4226 1373 4282 ,¹

147 4321 291 4403 lexerim,
315 4349 376 4412 ope
398 4326 541 4394 codicum
566 4326 667 4396 MSS.
700 4319 891 4414 procuretae3
915 4324 941 4390 si
966 4321 1062 4392 modo
1088 4319 1277 4409 singularem
