2990 5002
137 725 234 818 Has,
252 724 365 802 decus
383 723 591 800 Aonidum!
617 742 730 824 atque
744 724 916 824 leporum
931 749 1065 826 magne
1079 728 1267 828 repertor!

185 874 298 964 Situ,
316 874 347 948 si
364 873 479 950 velles
495 872 620 947 forsan
637 871 739 948 adire
755 871 867 964 fores,
954 927 957 936 .

135 1022 210 1114 Tu,
228 1021 321 1097 mihi
338 1047 406 1122 per
420 1022 553 1122 longos
571 1020 664 1097 soles
679 1019 845 1122 vigilate,
863 1019 1057 1100 Lucnrrll

181 1180 210 1215 “
230 1171 372 1271 Ecquis
389 1170 476 1246 es?'’
502 1170 663 1261 audires,
689 1179 715 1214 “
734 1169 852 1264 Effe13
880 1172 1032 1248 etunde
1045 1170 1198 1249 venian

128 1319 279 1420 Jurgia,
297 1319 480 1410 avarities,
498 1319 576 1394 sitis
592 1319 795 1395 insaturata
808 1344 1047 1411 cruorum,-

182 1469 310 1558 Quem
328 1469 437 1559 datis,
454 1479 520 1543 aut
546 1467 703 1558 Charisi,
717 1468 907 1559 Pierisive,
922 1467 1050 1544 locum
1056 1469 1120 1544 ,²-

133 1619 225 1706 Quo
238 1614 412 1692 ferimur?
437 1615 566 1706 nolim,
590 1641 718 1716 preme
734 1627 788 1706 te,
806 1617 1001 1716 spatiosius
1026 1643 1143 1711 erres;

183 1765 498 1865 Curriculumque
515 1731 637 1856 tuum,
653 1764 783 1865 lingua
798 1776 985 1865 proterva,
1001 1777 1102 1842 tene.

132 1915 197 1992 Tu
214 1915 306 1990 mihi
322 1914 563 2014 principium,
580 1913 698 1987 Foxn
724 1923 768 1986 tu
780 1913 953 1987 carminis
969 1913 1071 1986 idem

185 2063 337 2138 Auctor
351 2085 431 2136 eras
443 2058 574 2134 medii:
602 2069 646 2134 tu
662 2057 752 2131 mihi
769 2057 852 2132 finis
869 2059 952 2134 eris.

134 2213 361 2307 Prosperum
377 2208 449 2284 iter
463 2206 596 2283 facias!
622 2205 845 2308 placidoque
863 2209 934 2284 en!
961 2207 1091 2311 accipe
1107 2211 1215 2290 vultu

185 2362 299 2437 Dona
311 2358 512 2435 voluntatis
530 2356 803 2456 qualiacunque
820 2380 925 2432 meae.

132 2509 185 2585 Et
202 2522 242 2585 te
260 2508 373 2608 digna
388 2518 531 2581 tamen:
560 2529 693 2605 corpus
710 2503 866 2580 sublime
884 2502 1075 2583 Lucnaru

182 2657 258 2734 Vel
275 2666 420 2731 tantum
433 2653 573 2754 poterit
589 2654 840 2729 condecorare
856 2653 988 2730 virum.

131 2808 183 2883 Et
199 2817 239 2882 te
257 2804 371 2904 digna
386 2814 530 2894 tamem
557 2802 642 2892 nisi,
658 2802 723 2901 qui
736 2801 973 2878 tenuissimus
990 2802 1111 2895 offert,

181 2950 382 3052 Deprimat
399 2949 540 3050 egregii
557 2947 680 3025 nobile
696 2947 791 3021 vatis
808 2972 913 3048 opus.

1059 3151 1121 3230 n
1149 3155 1207 3232 w.
1331 3247 1333 3254 ,
