2990 5002
583 372 932 442 ARGUMENTa
1218 380 1318 444 xxxix

405 782 478 867 IN
514 780 778 866 LIBRUM
818 781 1095 868 SEXTUM

223 1093 363 1160 PRIMI
378 1093 507 1183 triginta
520 1105 583 1158 tres
600 1113 707 1159 versus
727 1093 857 1180 hujusce
875 1093 948 1159 libri
963 1095 1137 1175 continent,
1149 1107 1219 1162 tam
1232 1097 1313 1184 ipsa-

178 1230 250 1274 mm
265 1206 475 1284 Athenarum,
485 1227 579 1294 quam
590 1206 720 1293 Epicuri
734 1205 946 1286 Atheniensis,
958 1207 1075 1272 laudes.
1111 1209 1259 1296 Sequitur
1272 1209 1314 1275 ad

179 1341 242 1386 ver.
258 1325 310 1384 95.
334 1313 457 1406 qualern
486 1319 526 1384 ab
551 1319 709 1407 Epicureo
733 1319 921 1406 philosopho
943 1332 1113 1407 exspectes,
1137 1323 1315 1411 argumenti

176 1429 269 1517 hujus
281 1431 353 1497 libri
367 1431 545 1518 explicatio:
568 1444 600 1497 et
620 1433 661 1498 de
674 1433 820 1498 meteoris
841 1432 966 1498 dicturo
978 1435 1119 1521 primum
1141 1445 1314 1500 occurrunt

177 1545 323 1623 tonitms,
337 1541 453 1632 lirlgur,
476 1543 607 1624 fulmen3
631 1544 806 1632 dequibus
827 1545 993 1636 diligenter
1014 1546 1166 1632 disputat:
1192 1558 1233 1612 ,et
1246 1546 1313 1612 sde-

177 1677 265 1721 mum
280 1656 354 1720 istos
368 1654 499 1734 deridet,
516 1657 583 1743 qui,
604 1655 752 1745 neglectis
774 1658 889 1724 caussis
910 1657 1115 1737 naturalibus,
1135 1659 1243 1744 'ipsum
1256 1657 1313 1724 Jo-

177 1789 247 1832 vem
260 1767 390 1833 iirlmina
400 1766 530 1852 jaculari
544 1768 738 1848 existimant,
758 1768 804 1833 ad
817 1791 881 1832 ver.
897 1775 971 1832 421.
1017 1767 1081 1834 His
1103 1768 1312 1857 subjungitur,

177 1883 266 1966 (nam
279 1890 400 1965 prester
412 1859 535 1942 fulcrini
549 1877 663 1960 affinis)
678 1900 769 1942 aver.
780 1885 854 1942 422.
865 1877 1015 1963 presteris
1022 1877 1125 1942 brevis
1135 1878 1312 1964 explicatio.

178 1988 318 2068 Deinde,
334 2013 354 2054 a
368 2005 431 2054 νοτ.
447 1995 523 2052 450.
539 1987 580 2052 sd
603 2009 670 2052 ver.
696 1994 769 2052 533.
794 1988 894 2054 multa
913 1988 956 2052 de
975 1987 1111 2054 nubibus
1140 2002 1171 2054 et
1194 1989 1313 2076 pluvii3

178 2125 281 2189 pauca
294 2101 335 2166 de
348 2099 496 2180 iride,'de
510 2101 594 2178 nive,
609 2111 716 2180 vento,
726 2098 894 2189 grandine,
908 2097 1034 2186 pruinis,
1057 2111 1095 2186 et,
1098 2101 1185 2190 gelu,
1209 2101 1315 2189 dispu-

177 2225 233 2279 tat
279 2213 314 2278 Si
327 2223 420 2276 terrae
434 2210 538 2277 motin
552 2234 674 2278 caussas
688 2209 976 2302 velis-cognoscere,
992 2234 1012 2275 a
1025 2235 1089 2277 ver.
1103 2220 1177 2277 542.
1192 2213 1234 2279 ad
1247 2237 1311 2281 ver.

175 2331 251 2390 606.
270 2323 365 2389 babes
382 2323 448 2389 fuse
461 2324 638 2411 explicatas.
678 2318 715 2389 ¹A
736 2347 800 2389 ver.
823 2331 897 2398 606.
919 2323 961 2388 ud
984 2346 1047 2389 ver.
1071 2325 1310 2392 mademari

173 2438 268 2524 po'eta
280 2435 415 2500 disserit:
432 2434 510 2500 :inde
524 2435 566 2501 ad
586 2457 650 2502 ver.
674 2437 747 2501 710.
770 2436 811 2502 de
834 2433 945 2501 AEtnsi.
977 2437 1158 2524 Sequentia,
1182 2437 1224 2502 ud
1248 2462 1312 2504 ver.

178 2551 251 2614 738.
297 2547 371 2612 Nilo
382 2547 586 2613 destinantur.
631 2547 770 2627 Deinde,
786 2571 882 2613 aver.
896 2552 969 2614 738.
984 2548 1026 2613 ad
1041 2571 1104 2615 ver.
1122 2557 1195 2614 840.
1211 2550 1251 2615 de
1266 2551 1313 2616 A·

175 2659 425 2747 vernis,aliisque
434 2671 527 2726 terrae
541 2659 702 2740 tractibus,
717 2660 771 2748 qui
781 2671 853 2725 arnt
865 2659 1059 2739 hominibus,
1072 2661 1183 2739 cervis,
1198 2663 1312 2742 corvis,

175 2771 274 2858 equis,
291 2782 322 2836 et
336 2771 414 2850 aliis,
429 2773 529 2851 noxii,
545 2772 730 2859 disprrtatur.
764 2770 903 2851 Deinde,
913 2797 933 2836 a
942 2794 1006 2836 ver.
1020 2773 1151 2837 840..εό
1165 2795 1228 2838 ver.
1237 2780 1312 2838 905.

173 2883 216 2950 de
236 2881 350 2968 puteis,
364 2884 518 2969 variisque
532 2883 723 2948 admirandis
732 2882 887 2961 fontibus,
899 2883 975 2970 agit
987 2883 1189 2968 periucunde.
1235 2883 1313 2949 Pos-

169 3006 237 3073 tea,
253 3018 274 3060 a
286 3015 350 3059 ver.
366 2999 440 3058 905.
456 2993 498 3058 ad
511 3015 574 3058 ver.
595 2997 687 3059 1087.
726 2993 863 3082 Magnes
877 2993 956 3079 lapis
969 2992 1202 3082 diligentissime
1216 2995 1314 3082 expli-

172 3117 273 3173 catur.
312 3104 487 3184 Postremo,
503 3127 601 3192 usque
614 3104 656 3170 ad
667 3104 741 3170 libri
755 3103 866 3186 fineen,
880 3103 924 3169 de
943 3104 1061 3171 morbis
1075 3117 1107 3170 et
1121 3119 1214 3194 peste
1227 3129 1313 3195 quae·

174 3217 250 3283 dam
264 3216 396 3296 disserit,
422 3217 534 3305 quibus
546 3215 708 3308 subjungit
721 3217 897 3307 elegantem
919 3227 1014 3305 atque
1033 3218 1223 3284 uberrimam
1239 3241 1313 3284 sane

174 3329 427 3416 descriptionem,
454 3349 514 3394 nee
534 3328 638 3394 minus
660 3328 814 3394 eruditam
829 3341 862 3395 et
875 3341 1053 3395 wwatam
1076 3342 1193 3410 mmen,
1216 3331 1312 3417 pestis

19 3505 20 3534 ¹
156 3512 158 3517 .
174 3440 265 3520 illius,
281 3463 352 3529 quae
366 3451 507 3527 tempore
527 3437 599 3506 belli
615 3417 871 3528 Peloponnesiaci
886 3440 1030 3509 Atlrenes
1050 3465 1146 3530 opere
1162 3443 1309 3510 ,maximo

175 3553 318 3633 vastavit,
333 3575 352 3620 e
366 3551 562 3642 Thucydidis
575 3550 706 3620 hitterii
719 3547 926 3641 desumptam.
