<?xml version="1.0" encoding="UTF-8"?>
<!DOCTYPE html PUBLIC "-//W3C//DTD XHTML 1.0 Transitional//EN"
    "http://www.w3.org/TR/xhtml1/DTD/xhtml1-transitional.dtd">
<html xmlns="http://www.w3.org/1999/xhtml" xml:lang="en" lang="en">
 <head>
  <title>
</title>
<meta http-equiv="Content-Type" content="text/html;charset=utf-8" />
  <meta name='ocr-system' content='tesseract 3.04.00' />
  <meta name='ocr-capabilities' content='ocr_page ocr_carea ocr_par ocr_line ocrx_word'/>
</head>
<body>
  <div class='ocr_page' id='page_1' title='image "./tlucretiicaride03bentgoog/tlucretiicaride03bentgoog_0340.png"; bbox 0 0 3018 4984; ppageno 0'>
   <div class='ocr_carea' id='block_1_1' title="bbox 485 424 1317 518">
    <p class='ocr_par' dir='ltr' id='par_1_1' title="bbox 485 424 1317 518">
     <span class='ocr_line' id='line_1_1' title="bbox 485 424 1317 518; baseline 0.024 -22"><span class='ocrx_word' id='word_1_1' title='bbox 485 424 661 501; x_wconf 87' lang='lat' dir='ltr'><strong>LIBER</strong></span> <span class='ocrx_word' id='word_1_2' title='bbox 698 427 1010 511; x_wconf 86' lang='lat' dir='ltr'><strong>SECUNDUS.</strong></span> <span class='ocrx_word' id='word_1_3' title='bbox 1245 453 1317 518; x_wconf 79' lang='lat'><strong>289</strong></span> 
     </span>
    </p>
   </div>
   <div class='ocr_carea' id='block_1_2' title="bbox 213 617 1217 1166">
    <p class='ocr_par' dir='ltr' id='par_1_2' title="bbox 213 617 1217 1166">
     <span class='ocr_line' id='line_1_2' title="bbox 299 617 940 702; baseline 0.03 -22"><span class='ocrx_word' id='word_1_4' title='bbox 299 617 376 683; x_wconf 88' lang='lat' dir='ltr'><strong>Esse</strong></span> <span class='ocrx_word' id='word_1_5' title='bbox 389 619 538 702; x_wconf 68' lang='lat' dir='ltr'><strong>infinitas,</strong></span> <span class='ocrx_word' id='word_1_6' title='bbox 562 638 618 690; x_wconf 82' lang='lat' dir='ltr'><strong>aut</strong></span> <span class='ocrx_word' id='word_1_7' title='bbox 631 649 785 694; x_wconf 84' lang='lat' dir='ltr'><strong>summam</strong></span> <span class='ocrx_word' id='word_1_8' title='bbox 798 633 940 699; x_wconf 83' lang='lat' dir='ltr'><strong>materiai</strong></span> 
     </span>
     <span class='ocr_line' id='line_1_3' title="bbox 300 727 1086 832; baseline 0.025 -40"><span class='ocrx_word' id='word_1_9' title='bbox 300 727 437 796; x_wconf 75' lang='lat' dir='ltr'><strong>linitam</strong></span> <span class='ocrx_word' id='word_1_10' title='bbox 451 747 604 800; x_wconf 81' lang='lat' dir='ltr'><strong>constare:</strong></span> <span class='ocrx_word' id='word_1_11' title='bbox 628 738 673 817; x_wconf 94' lang='lat' dir='ltr'><strong>id,</strong></span> <span class='ocrx_word' id='word_1_12' title='bbox 682 740 774 832; x_wconf 10' lang='lat' dir='ltr'><strong>&amp;quod</strong></span> <span class='ocrx_word' id='word_1_13' title='bbox 788 763 854 807; x_wconf 92' lang='lat' dir='ltr'><strong>non</strong></span> <span class='ocrx_word' id='word_1_14' title='bbox 868 767 933 809; x_wconf 87' lang='lat' dir='ltr'><strong>esse</strong></span> <span class='ocrx_word' id='word_1_15' title='bbox 946 747 1086 830; x_wconf 83' lang='lat' dir='ltr'><strong>probavi.</strong></span> 
     </span>
     <span class='ocr_line' id='line_1_4' title="bbox 266 842 1217 950; baseline 0.033 -48"><span class='ocrx_word' id='word_1_16' title='bbox 266 894 269 902; x_wconf 89' lang='lat'><strong>.</strong></span> <span class='ocrx_word' id='word_1_17' title='bbox 344 842 441 918; x_wconf 85' lang='lat' dir='ltr'><strong>Quod</strong></span> <span class='ocrx_word' id='word_1_18' title='bbox 456 847 605 931; x_wconf 78' lang='lat' dir='ltr'><strong>quoniam</strong></span> <span class='ocrx_word' id='word_1_19' title='bbox 619 848 724 930; x_wconf 90' lang='lat' dir='ltr'><strong>docui,</strong></span> <span class='ocrx_word' id='word_1_20' title='bbox 740 875 825 919; x_wconf 91' lang='lat' dir='ltr'><strong>nunc</strong></span> <span class='ocrx_word' id='word_1_21' title='bbox 839 857 1025 944; x_wconf 83' lang='lat' dir='ltr'><strong>suaviloquis</strong></span> <span class='ocrx_word' id='word_1_22' title='bbox 1038 885 1098 950; x_wconf 88' lang='lat' dir='ltr'><strong>ego</strong></span> <span class='ocrx_word' id='word_1_23' title='bbox 1111 865 1217 950; x_wconf 83' lang='lat' dir='ltr'>paucis</span> 
     </span>
     <span class='ocr_line' id='line_1_5' title="bbox 298 951 1000 1050; baseline 0.028 -36"><span class='ocrx_word' id='word_1_24' title='bbox 298 951 447 1020; x_wconf 83' lang='lat' dir='ltr'><strong>Versibus</strong></span> <span class='ocrx_word' id='word_1_25' title='bbox 461 957 644 1040; x_wconf 81' lang='lat' dir='ltr'><strong>obtendam,</strong></span> <span class='ocrx_word' id='word_1_26' title='bbox 660 965 842 1050; x_wconf 81' lang='lat' dir='ltr'><strong>corpuscula</strong></span> <span class='ocrx_word' id='word_1_27' title='bbox 856 971 1000 1034; x_wconf 78' lang='lat' dir='ltr'><strong>materiai</strong></span> 
     </span>
     <span class='ocr_line' id='line_1_6' title="bbox 213 1063 1082 1166; baseline 0.03 -43"><span class='ocrx_word' id='word_1_28' title='bbox 213 1068 276 1125; x_wconf 82' lang='lat'><strong>530</strong></span> <span class='ocrx_word' id='word_1_29' title='bbox 299 1063 350 1127; x_wconf 89' lang='lat' dir='ltr'><strong>Ex</strong></span> <span class='ocrx_word' id='word_1_30' title='bbox 364 1066 489 1132; x_wconf 83' lang='lat' dir='ltr'><strong>infinito</strong></span> <span class='ocrx_word' id='word_1_31' title='bbox 504 1065 659 1138; x_wconf 82' lang='lat' dir='ltr'><strong>summam</strong></span> <span class='ocrx_word' id='word_1_32' title='bbox 672 1097 778 1142; x_wconf 80' lang='lat' dir='ltr'><strong>rerum</strong></span> <span class='ocrx_word' id='word_1_33' title='bbox 791 1102 889 1166; x_wconf 90' lang='lat' dir='ltr'><strong>usque</strong></span> <span class='ocrx_word' id='word_1_34' title='bbox 903 1091 1019 1161; x_wconf 88' lang='lat' dir='ltr'><strong>tenere,</strong></span> <span class='ocrx_word' id='word_1_35' title='bbox 1080 1159 1082 1166; x_wconf 18' lang='grc' dir='ltr'><strong><em>Α</em></strong></span> 
     </span>
    </p>
   </div>
   <div class='ocr_carea' id='block_1_3' title="bbox 298 1176 1246 1500">
    <p class='ocr_par' dir='ltr' id='par_1_3' title="bbox 298 1176 1246 1500">
     <span class='ocr_line' id='line_1_7' title="bbox 300 1176 969 1276; baseline 0.03 -36"><span class='ocrx_word' id='word_1_36' title='bbox 300 1176 450 1266; x_wconf 86' lang='lat' dir='ltr'><strong>Undique</strong></span> <span class='ocrx_word' id='word_1_37' title='bbox 464 1185 585 1267; x_wconf 91' lang='lat' dir='ltr'><strong>protelo</strong></span> <span class='ocrx_word' id='word_1_38' title='bbox 599 1186 763 1276; x_wconf 76' lang='lat' dir='ltr'><strong>plagarum</strong></span> <span class='ocrx_word' id='word_1_39' title='bbox 777 1194 969 1259; x_wconf 82' lang='lat' dir='ltr'><strong>continuate.</strong></span> 
     </span>
     <span class='ocr_line' id='line_1_8' title="bbox 343 1290 1246 1399; baseline 0.029 -44"><span class='ocrx_word' id='word_1_40' title='bbox 343 1290 440 1370; x_wconf 80' lang='lat' dir='ltr'><strong>Nam,</strong></span> <span class='ocrx_word' id='word_1_41' title='bbox 456 1297 542 1381; x_wconf 93' lang='lat' dir='ltr'><strong>quod</strong></span> <span class='ocrx_word' id='word_1_42' title='bbox 556 1321 626 1364; x_wconf 82' lang='lat' dir='ltr'><strong>rara</strong></span> <span class='ocrx_word' id='word_1_43' title='bbox 640 1301 726 1367; x_wconf 85' lang='lat' dir='ltr'><strong>vides</strong></span> <span class='ocrx_word' id='word_1_44' title='bbox 739 1306 840 1394; x_wconf 86' lang='lat' dir='ltr'><strong>mngis</strong></span> <span class='ocrx_word' id='word_1_45' title='bbox 853 1329 919 1371; x_wconf 87' lang='lat' dir='ltr'><strong>esse</strong></span> <span class='ocrx_word' id='word_1_46' title='bbox 934 1308 1078 1376; x_wconf 76' lang='lat' dir='ltr'><strong>animalia</strong></span> <span class='ocrx_word' id='word_1_47' title='bbox 1091 1311 1246 1399; x_wconf 85' lang='lat' dir='ltr'><strong>quaedem,</strong></span> 
     </span>
     <span class='ocr_line' id='line_1_9' title="bbox 298 1401 1059 1500; baseline 0.03 -36"><span class='ocrx_word' id='word_1_48' title='bbox 298 1401 539 1494; x_wconf 80' lang='lat' dir='ltr'><strong>Fecundumque</strong></span> <span class='ocrx_word' id='word_1_49' title='bbox 552 1413 651 1499; x_wconf 84' lang='lat' dir='ltr'><strong>magis</strong></span> <span class='ocrx_word' id='word_1_50' title='bbox 666 1426 810 1481; x_wconf 82' lang='lat' dir='ltr'><strong>naturam</strong></span> <span class='ocrx_word' id='word_1_51' title='bbox 824 1420 925 1483; x_wconf 88' lang='lat' dir='ltr'><strong>cernis</strong></span> <span class='ocrx_word' id='word_1_52' title='bbox 939 1420 973 1484; x_wconf 91' lang='lat' dir='ltr'><strong>in</strong></span> <span class='ocrx_word' id='word_1_53' title='bbox 987 1421 1059 1500; x_wconf 70' lang='lat' dir='ltr'><strong>illis,</strong></span> 
     </span>
    </p>
   </div>
   <div class='ocr_carea' id='block_1_4' title="bbox 184 1635 1353 2268">
    <p class='ocr_par' dir='ltr' id='par_1_4' title="bbox 184 1635 1353 2268">
     <span class='ocr_line' id='line_1_10' title="bbox 187 1635 1316 1722; baseline 0.027 -39"><span class='ocrx_word' id='word_1_54' title='bbox 187 1635 271 1698; x_wconf 88' lang='lat' dir='ltr'><strong>Porro,</strong></span> <span class='ocrx_word' id='word_1_55' title='bbox 283 1639 356 1689; x_wconf 85' lang='lat' dir='ltr'><strong>vind.</strong></span> <span class='ocrx_word' id='word_1_56' title='bbox 367 1651 437 1707; x_wconf 82' lang='lat' dir='ltr'><strong>atque</strong></span> <span class='ocrx_word' id='word_1_57' title='bbox 448 1646 557 1698; x_wconf 81' lang='lat' dir='ltr'><strong>similiter</strong></span> <span class='ocrx_word' id='word_1_58' title='bbox 566 1653 616 1701; x_wconf 83' lang='lat' dir='ltr'><strong>fere</strong></span> <span class='ocrx_word' id='word_1_59' title='bbox 628 1661 653 1706; x_wconf 92' lang='grc' dir='ltr'><strong>Δ,</strong></span> <span class='ocrx_word' id='word_1_60' title='bbox 667 1665 698 1704; x_wconf 89' lang='grc' dir='ltr'><strong>Π.</strong></span> <span class='ocrx_word' id='word_1_61' title='bbox 708 1663 735 1707; x_wconf 77' lang='grc' dir='ltr'><strong>Σ.</strong></span> <span class='ocrx_word' id='word_1_62' title='bbox 799 1657 861 1706; x_wconf 68' lang='lat' dir='ltr'><strong>Ibin</strong></span> <span class='ocrx_word' id='word_1_63' title='bbox 875 1662 976 1722; x_wconf 83' lang='lat' dir='ltr'><strong>protelo.-</strong></span> <span class='ocrx_word' id='word_1_64' title='bbox 1003 1659 1018 1706; x_wconf 92' lang='lat' dir='ltr'><strong>i.</strong></span> <span class='ocrx_word' id='word_1_65' title='bbox 1034 1673 1054 1707; x_wconf 88' lang='lat' dir='ltr'><strong>e.</strong></span> <span class='ocrx_word' id='word_1_66' title='bbox 1070 1658 1316 1718; x_wconf 77' lang='lat' dir='ltr'><strong>productione-serie</strong></span> 
     </span>
     <span class='ocr_line' id='line_1_11' title="bbox 185 1715 1314 1798; baseline 0.032 -38"><span class='ocrx_word' id='word_1_67' title='bbox 185 1715 289 1773; x_wconf 81' lang='lat' dir='ltr'><strong>priorem</strong></span> <span class='ocrx_word' id='word_1_68' title='bbox 305 1719 385 1768; x_wconf 72' lang='lat' dir='ltr'><strong>versis</strong></span> <span class='ocrx_word' id='word_1_69' title='bbox 402 1732 493 1783; x_wconf 80' lang='lat' dir='ltr'><strong>partem</strong></span> <span class='ocrx_word' id='word_1_70' title='bbox 509 1729 554 1776; x_wconf 87' lang='lat' dir='ltr'><strong>hoc</strong></span> <span class='ocrx_word' id='word_1_71' title='bbox 571 1740 640 1792; x_wconf 84' lang='lat' dir='ltr'><strong>pacto</strong></span> <span class='ocrx_word' id='word_1_72' title='bbox 655 1733 734 1793; x_wconf 91' lang='lat' dir='ltr'><strong>prodi·</strong></span> <span class='ocrx_word' id='word_1_73' title='bbox 767 1731 883 1796; x_wconf 77' lang='lat' dir='ltr'><strong>longi0re3</strong></span> <span class='ocrx_word' id='word_1_74' title='bbox 900 1751 915 1782; x_wconf 83' lang='lat' dir='ltr'><strong>e</strong></span> <span class='ocrx_word' id='word_1_75' title='bbox 922 1753 975 1797; x_wconf 87' lang='lat' dir='ltr'><strong>pro,</strong></span> <span class='ocrx_word' id='word_1_76' title='bbox 986 1733 1051 1798; x_wconf 91' lang='lat' dir='ltr'><strong>quod</strong></span> <span class='ocrx_word' id='word_1_77' title='bbox 1061 1734 1122 1782; x_wconf 82' lang='lat' dir='ltr'><strong>valet</strong></span> <span class='ocrx_word' id='word_1_78' title='bbox 1128 1753 1208 1798; x_wconf 82' lang='lat' dir='ltr'><strong>porro,</strong></span> <span class='ocrx_word' id='word_1_79' title='bbox 1224 1750 1247 1788; x_wconf 76' lang='lat' dir='ltr'><strong>et</strong></span> <span class='ocrx_word' id='word_1_80' title='bbox 1259 1754 1314 1795; x_wconf 71' lang='grc' dir='ltr'><strong>τηλε</strong></span> 
     </span>
     <span class='ocr_line' id='line_1_12' title="bbox 186 1791 1314 1880; baseline 0.027 -41"><span class='ocrx_word' id='word_1_81' title='bbox 186 1791 252 1851; x_wconf 74' lang='lat' dir='ltr'><strong>giose</strong></span> <span class='ocrx_word' id='word_1_82' title='bbox 262 1799 552 1862; x_wconf 79' lang='lat' dir='ltr'><strong>conturbatumpraebent:</strong></span> <span class='ocrx_word' id='word_1_83' title='bbox 769 1810 862 1872; x_wconf 73' lang='lat' dir='ltr'><strong>Graeco,</strong></span> <span class='ocrx_word' id='word_1_84' title='bbox 883 1817 962 1876; x_wconf 83' lang='lat' dir='ltr'><strong>longe:</strong></span> <span class='ocrx_word' id='word_1_85' title='bbox 993 1811 1057 1859; x_wconf 89' lang='lat' dir='ltr'><strong>unde</strong></span> <span class='ocrx_word' id='word_1_86' title='bbox 1078 1817 1175 1875; x_wconf 82' lang='lat' dir='ltr'><strong>protelo,</strong></span> <span class='ocrx_word' id='word_1_87' title='bbox 1197 1821 1314 1880; x_wconf 83' lang='lat' dir='ltr'><strong>propello;</strong></span> 
     </span>
     <span class='ocr_line' id='line_1_13' title="bbox 766 1985 1313 2116; baseline 0.018 -25"><span class='ocrx_word' id='word_1_88' title='bbox 766 2053 846 2092; x_wconf 80' lang='lat' dir='ltr'><strong>curate</strong></span> <span class='ocrx_word' id='word_1_89' title='bbox 863 1985 1029 2108; x_wconf 65' lang='lat' dir='ltr'><strong>interpleldtus</strong></span> <span class='ocrx_word' id='word_1_90' title='bbox 1048 2057 1091 2095; x_wconf 88' lang='lat' dir='ltr'><strong>est.</strong></span> <span class='ocrx_word' id='word_1_91' title='bbox 1124 2049 1182 2096; x_wconf 82' lang='lat' dir='ltr'><strong>Alia</strong></span> <span class='ocrx_word' id='word_1_92' title='bbox 1198 2053 1242 2099; x_wconf 90' lang='lat' dir='ltr'><strong>tibi</strong></span> <span class='ocrx_word' id='word_1_93' title='bbox 1258 2069 1313 2116; x_wconf 85' lang='lat' dir='ltr'><strong>sup-</strong></span> 
     </span>
     <span class='ocr_line' id='line_1_14' title="bbox 185 2090 1314 2186; baseline 0.032 -50"><span class='ocrx_word' id='word_1_94' title='bbox 185 2090 308 2155; x_wconf 87' lang='lat' dir='ltr'><strong>dequaque</strong></span> <span class='ocrx_word' id='word_1_95' title='bbox 327 2098 517 2157; x_wconf 87' lang='lat' dir='ltr'><strong>geminissimum</strong></span> <span class='ocrx_word' id='word_1_96' title='bbox 533 2105 601 2152; x_wconf 87' lang='lat' dir='ltr'><strong>nobis</strong></span> <span class='ocrx_word' id='word_1_97' title='bbox 619 2107 733 2158; x_wconf 80' lang='lat' dir='ltr'><strong>Mantua·</strong></span> <span class='ocrx_word' id='word_1_98' title='bbox 765 2121 905 2182; x_wconf 64' lang='lat' dir='ltr'><strong>peditabunt</strong></span> <span class='ocrx_word' id='word_1_99' title='bbox 920 2123 1090 2186; x_wconf 73' lang='lat' dir='ltr'><strong>lexicographi3</strong></span> <span class='ocrx_word' id='word_1_100' title='bbox 1106 2125 1155 2182; x_wconf 79' lang='lat' dir='ltr'><strong>sed,</strong></span> <span class='ocrx_word' id='word_1_101' title='bbox 1172 2135 1200 2174; x_wconf 83' lang='lat' dir='ltr'><strong>ut</strong></span> <span class='ocrx_word' id='word_1_102' title='bbox 1209 2129 1269 2176; x_wconf 87' lang='lat' dir='ltr'><strong>mihi</strong></span> <span class='ocrx_word' id='word_1_103' title='bbox 1279 2131 1314 2178; x_wconf 86' lang='lat' dir='ltr'><strong>vi.</strong></span> 
     </span>
     <span class='ocr_line' id='line_1_15' title="bbox 184 2171 1353 2268; baseline 0.024 -40"><span class='ocrx_word' id='word_1_104' title='bbox 184 2181 230 2214; x_wconf 76' lang='lat'><strong>¹¹⁰⁵</strong></span> <span class='ocrx_word' id='word_1_105' title='bbox 241 2171 382 2232; x_wconf 59' lang='grc' dir='ltr'><strong>5ηΡΡθᾱῑῑῑῑῑ,</strong></span> <span class='ocrx_word' id='word_1_106' title='bbox 395 2189 424 2221; x_wconf 64' lang='lat'><strong>2¹</strong></span> <span class='ocrx_word' id='word_1_107' title='bbox 436 2179 493 2226; x_wconf 74' lang='lat' dir='ltr'><strong>AEss·</strong></span> <span class='ocrx_word' id='word_1_108' title='bbox 504 2179 519 2226; x_wconf 71' lang='lat' dir='ltr'><strong>i·</strong></span> <span class='ocrx_word' id='word_1_109' title='bbox 532 2187 586 2231; x_wconf 87' lang='lat'>719·</span> <span class='ocrx_word' id='word_1_110' title='bbox 766 2200 843 2262; x_wconf 86' lang='lat' dir='ltr'><strong>detur,</strong></span> <span class='ocrx_word' id='word_1_111' title='bbox 861 2218 936 2249; x_wconf 85' lang='lat' dir='ltr'><strong>unam</strong></span> <span class='ocrx_word' id='word_1_112' title='bbox 956 2210 1028 2266; x_wconf 84' lang='lat' dir='ltr'><strong>etque</strong></span> <span class='ocrx_word' id='word_1_113' title='bbox 1047 2203 1178 2264; x_wconf 83' lang='lat' dir='ltr'><strong>simplicem</strong></span> <span class='ocrx_word' id='word_1_114' title='bbox 1196 2205 1314 2268; x_wconf 71' lang='lat' dir='ltr'><strong>significa·</strong></span> <span class='ocrx_word' id='word_1_115' title='bbox 1351 2201 1353 2205; x_wconf 63' lang='grc'>’</span> 
     </span>
    </p>
   </div>
   <div class='ocr_carea' id='block_1_5' title="bbox 219 2013 733 2085">
    <p class='ocr_par' dir='ltr' id='par_1_5' title="bbox 219 2013 733 2085">
     <span class='ocr_line' id='line_1_16' title="bbox 219 2013 733 2085; baseline 0.037 -23"><span class='ocrx_word' id='word_1_116' title='bbox 219 2013 281 2064; x_wconf 89' lang='lat' dir='ltr'><strong>Ibid.</strong></span> <span class='ocrx_word' id='word_1_117' title='bbox 299 2021 392 2068; x_wconf 78' lang='lat' dir='ltr'><strong>insessa.</strong></span> <span class='ocrx_word' id='word_1_118' title='bbox 410 2021 555 2085; x_wconf 82' lang='lat' dir='ltr'><strong>Exemplum</strong></span> <span class='ocrx_word' id='word_1_119' title='bbox 567 2027 677 2078; x_wconf 86' lang='lat' dir='ltr'><strong>dictionis</strong></span> <span class='ocrx_word' id='word_1_120' title='bbox 688 2049 733 2080; x_wconf 91' lang='lat' dir='ltr'><strong>un·</strong></span> 
     </span>
    </p>
   </div>
   <div class='ocr_carea' id='block_1_6' title="bbox 183 2279 1318 2423">
    <p class='ocr_par' dir='ltr' id='par_1_6' title="bbox 183 2279 1318 2423">
     <span class='ocr_line' id='line_1_17' title="bbox 208 2279 1318 2368; baseline 0.015 -51"><span class='ocrx_word' id='word_1_121' title='bbox 208 2299 411 2340; x_wconf 80' lang='lat' dir='ltr'><strong>——tnteruurn</strong></span> <span class='ocrx_word' id='word_1_122' title='bbox 419 2305 569 2356; x_wconf 50' lang='lat' dir='ltr'><strong>mmm,</strong></span> <span class='ocrx_word' id='word_1_123' title='bbox 577 2309 640 2350; x_wconf 57' lang='lat' dir='ltr'><strong>,meh</strong></span> <span class='ocrx_word' id='word_1_124' title='bbox 647 2311 700 2352; x_wconf 68' lang='lat' dir='ltr'><strong>mdo</strong></span> <span class='ocrx_word' id='word_1_125' title='bbox 765 2279 864 2338; x_wconf 83' lang='lat' dir='ltr'><strong>tionem,</strong></span> <span class='ocrx_word' id='word_1_126' title='bbox 881 2297 910 2328; x_wconf 83' lang='lat' dir='ltr'><strong>ex</strong></span> <span class='ocrx_word' id='word_1_127' title='bbox 921 2289 1001 2368; x_wconf 76' lang='lat' dir='ltr'><strong>etymp</strong></span> <span class='ocrx_word' id='word_1_128' title='bbox 1017 2297 1061 2328; x_wconf 90' lang='lat' dir='ltr'><strong>suo</strong></span> <span class='ocrx_word' id='word_1_129' title='bbox 1071 2281 1184 2330; x_wconf 81' lang='lat' dir='ltr'><strong>facillime</strong></span> <span class='ocrx_word' id='word_1_130' title='bbox 1195 2284 1318 2344; x_wconf 61' lang='lat' dir='ltr'><strong>profluam.</strong></span> 
     </span>
     <span class='ocr_line' id='line_1_18' title="bbox 183 2355 1314 2423; baseline 0.017 -30"><span class='ocrx_word' id='word_1_131' title='bbox 183 2407 186 2412; x_wconf 29' lang='grc'>1</span> <span class='ocrx_word' id='word_1_132' title='bbox 209 2355 372 2400; x_wconf 73' lang='lat' dir='ltr'><strong>Imidatmlserae</strong></span> <span class='ocrx_word' id='word_1_133' title='bbox 380 2365 538 2410; x_wconf 76' lang='lat' dir='ltr'><strong>quennuderu:</strong></span> <span class='ocrx_word' id='word_1_134' title='bbox 765 2368 824 2421; x_wconf 81' lang='lat' dir='ltr'><strong>tem,</strong></span> <span class='ocrx_word' id='word_1_135' title='bbox 835 2361 921 2422; x_wconf 78' lang='lat' dir='ltr'><strong>passim</strong></span> <span class='ocrx_word' id='word_1_136' title='bbox 932 2361 1024 2408; x_wconf 76' lang='lat' dir='ltr'><strong>recinet.</strong></span> <span class='ocrx_word' id='word_1_137' title='bbox 1052 2361 1241 2423; x_wconf 80' lang='lat' dir='ltr'><strong>Avienum,orb.</strong></span> <span class='ocrx_word' id='word_1_138' title='bbox 1254 2365 1314 2416; x_wconf 83' lang='lat' dir='ltr'><strong>desc.</strong></span> 
     </span>
    </p>
   </div>
   <div class='ocr_carea' id='block_1_7' title="bbox 181 2436 1107 2530">
    <p class='ocr_par' dir='ltr' id='par_1_7' title="bbox 181 2436 1107 2530">
     <span class='ocr_line' id='line_1_19' title="bbox 181 2436 1107 2530; baseline -0.008 -15"><span class='ocrx_word' id='word_1_139' title='bbox 181 2463 200 2510; x_wconf 76' lang='grc' dir='ltr'><strong>ι’.</strong></span> <span class='ocrx_word' id='word_1_140' title='bbox 219 2477 239 2512; x_wconf 75' lang='lat' dir='ltr'><strong>e.</strong></span> <span class='ocrx_word' id='word_1_141' title='bbox 256 2468 391 2516; x_wconf 62' lang='lat' dir='ltr'><strong>recumbat:</strong></span> <span class='ocrx_word' id='word_1_142' title='bbox 410 2479 434 2517; x_wconf 71' lang='lat' dir='ltr'><strong>ez</strong></span> <span class='ocrx_word' id='word_1_143' title='bbox 450 2471 507 2520; x_wconf 80' lang='lat' dir='ltr'><strong>mu</strong></span> <span class='ocrx_word' id='word_1_144' title='bbox 524 2475 638 2527; x_wconf 63' lang='lat' dir='ltr'><strong>semme.</strong></span> <span class='ocrx_word' id='word_1_145' title='bbox 671 2480 730 2530; x_wconf 80' lang='lat' dir='ltr'><strong>ru.</strong></span> <span class='ocrx_word' id='word_1_146' title='bbox 764 2442 819 2488; x_wconf 75' lang='lat'><strong>4⁸⁷·</strong></span> <span class='ocrx_word' id='word_1_147' title='bbox 836 2437 1021 2489; x_wconf 50' lang='lat' dir='ltr'><strong>‘meldim</strong></span> <span class='ocrx_word' id='word_1_148' title='bbox 1035 2436 1107 2486; x_wconf 71' lang='lat' dir='ltr'><strong>d⁸b0=</strong></span> 
     </span>
    </p>
   </div>
   <div class='ocr_carea' id='block_1_8' title="bbox 180 2541 1293 2636">
    <p class='ocr_par' dir='ltr' id='par_1_8' title="bbox 180 2541 1293 2636">
     <span class='ocr_line' id='line_1_20' title="bbox 180 2541 1293 2636; baseline 0.038 -51"><span class='ocrx_word' id='word_1_149' title='bbox 180 2541 383 2608; x_wconf 77' lang='lat' dir='ltr'><strong>chrePreigerus</strong></span> <span class='ocrx_word' id='word_1_150' title='bbox 403 2547 514 2611; x_wconf 80' lang='lat' dir='ltr'><strong>Statium,</strong></span> <span class='ocrx_word' id='word_1_151' title='bbox 533 2553 608 2603; x_wconf 76' lang='lat' dir='ltr'><strong>Tlreb.</strong></span> <span class='ocrx_word' id='word_1_152' title='bbox 624 2557 664 2606; x_wconf 79' lang='lat' dir='ltr'><strong>xii.</strong></span> <span class='ocrx_word' id='word_1_153' title='bbox 676 2564 731 2610; x_wconf 72' lang='lat'><strong>256.</strong></span> <span class='ocrx_word' id='word_1_154' title='bbox 1015 2584 1105 2623; x_wconf 75' lang='lat' dir='ltr'><strong>mediam</strong></span> <span class='ocrx_word' id='word_1_155' title='bbox 1113 2589 1169 2623; x_wconf 77' lang='lat' dir='ltr'><strong>secat</strong></span> <span class='ocrx_word' id='word_1_156' title='bbox 1175 2585 1293 2636; x_wconf 80' lang='lat' dir='ltr'><strong>Apenninus</strong></span> 
     </span>
    </p>
   </div>
   <div class='ocr_carea' id='block_1_9' title="bbox 182 2617 1312 2691">
    <p class='ocr_par' dir='ltr' id='par_1_9' title="bbox 182 2617 1312 2691">
     <span class='ocr_line' id='line_1_21' title="bbox 182 2617 1312 2691; baseline 0.021 -26"><span class='ocrx_word' id='word_1_157' title='bbox 182 2617 297 2668; x_wconf 79' lang='lat' dir='ltr'><strong>admovit:</strong></span> <span class='ocrx_word' id='word_1_158' title='bbox 775 2627 897 2680; x_wconf 63' lang='lat' dir='ltr'><strong>Amonlam:</strong></span> <span class='ocrx_word' id='word_1_159' title='bbox 910 2652 967 2689; x_wconf 78' lang='lat' dir='ltr'><strong>narn,</strong></span> <span class='ocrx_word' id='word_1_160' title='bbox 975 2641 1016 2691; x_wconf 73' lang='lat' dir='ltr'><strong>qul</strong></span> <span class='ocrx_word' id='word_1_161' title='bbox 1022 2642 1101 2682; x_wconf 85' lang='lat' dir='ltr'><strong>Boreall</strong></span> <span class='ocrx_word' id='word_1_162' title='bbox 1106 2643 1183 2684; x_wconf 86' lang='lat' dir='ltr'><strong>vertice</strong></span> <span class='ocrx_word' id='word_1_163' title='bbox 1190 2645 1216 2683; x_wconf 83' lang='lat' dir='ltr'><strong>ad</strong></span> <span class='ocrx_word' id='word_1_164' title='bbox 1223 2647 1312 2688; x_wconf 78' lang='lat' dir='ltr'><strong>aethrum</strong></span> 
     </span>
    </p>
   </div>
   <div class='ocr_carea' id='block_1_10' title="bbox 183 2700 1258 2813">
    <p class='ocr_par' dir='ltr' id='par_1_10' title="bbox 183 2700 1258 2813">
     <span class='ocr_line' id='line_1_22' title="bbox 183 2700 1258 2752; baseline 0.015 -25"><span class='ocrx_word' id='word_1_165' title='bbox 183 2723 187 2727; x_wconf 94' lang='lat'><strong>.</strong></span> <span class='ocrx_word' id='word_1_166' title='bbox 776 2700 916 2740; x_wconf 79' lang='lat' dir='ltr'><strong>concrescunt</strong></span> <span class='ocrx_word' id='word_1_167' title='bbox 923 2701 991 2750; x_wconf 81' lang='lat' dir='ltr'><strong>Alpes,</strong></span> <span class='ocrx_word' id='word_1_168' title='bbox 998 2702 1062 2750; x_wconf 79' lang='lat' dir='ltr'><strong>surgit</strong></span> <span class='ocrx_word' id='word_1_169' title='bbox 1070 2707 1132 2751; x_wconf 80' lang='lat' dir='ltr'><strong>caput</strong></span> <span class='ocrx_word' id='word_1_170' title='bbox 1139 2703 1245 2752; x_wconf 81' lang='lat' dir='ltr'><strong>Apennino</strong></span> <span class='ocrx_word' id='word_1_171' title='bbox 1250 2718 1258 2752; x_wconf 83' lang='lat'>;</span> 
     </span>
     <span class='ocr_line' id='line_1_23' title="bbox 206 2736 1247 2813; baseline 0.015 -26"><span class='ocrx_word' id='word_1_172' title='bbox 206 2736 684 2787; x_wconf 53' lang='lat' dir='ltr'><strong>——norrencurnsmacuouumomtm</strong></span> <span class='ocrx_word' id='word_1_173' title='bbox 777 2759 1247 2813; x_wconf 66' lang='lat' dir='ltr'><strong>rcumsicamteuusmauetaequomaeeu,</strong></span> 
     </span>
    </p>
   </div>
   <div class='ocr_carea' id='block_1_11' title="bbox 183 2818 1220 2904">
    <p class='ocr_par' dir='ltr' id='par_1_11' title="bbox 183 2818 1220 2904">
     <span class='ocr_line' id='line_1_24' title="bbox 775 2818 1220 2871; baseline 0.016 -17"><span class='ocrx_word' id='word_1_174' title='bbox 775 2818 818 2856; x_wconf 83' lang='lat' dir='ltr'><strong>Huc</strong></span> <span class='ocrx_word' id='word_1_175' title='bbox 824 2818 922 2868; x_wconf 72' lang='lat' dir='ltr'><strong>protelare</strong></span> <span class='ocrx_word' id='word_1_176' title='bbox 929 2819 989 2858; x_wconf 79' lang='lat' dir='ltr'><strong>molis</strong></span> <span class='ocrx_word' id='word_1_177' title='bbox 997 2819 1047 2870; x_wconf 80' lang='lat' dir='ltr'><strong>juga</strong></span> <span class='ocrx_word' id='word_1_178' title='bbox 1055 2820 1136 2871; x_wconf 75' lang='lat' dir='ltr'><strong>gurgite</strong></span> <span class='ocrx_word' id='word_1_179' title='bbox 1143 2821 1220 2862; x_wconf 82' lang='lat' dir='ltr'><strong>condit.</strong></span> 
     </span>
     <span class='ocr_line' id='line_1_25' title="bbox 183 2843 732 2904; baseline 0.031 -17"><span class='ocrx_word' id='word_1_180' title='bbox 183 2855 239 2904; x_wconf 79' lang='lat' dir='ltr'><strong>quoe</strong></span> <span class='ocrx_word' id='word_1_181' title='bbox 249 2851 285 2890; x_wconf 85' lang='lat' dir='ltr'><strong>est</strong></span> <span class='ocrx_word' id='word_1_182' title='bbox 295 2843 452 2895; x_wconf 84' lang='lat' dir='ltr'><strong>sincerissima</strong></span> <span class='ocrx_word' id='word_1_183' title='bbox 459 2849 529 2897; x_wconf 84' lang='lat' dir='ltr'><strong>lectio</strong></span> <span class='ocrx_word' id='word_1_184' title='bbox 539 2853 676 2902; x_wconf 80' lang='lat' dir='ltr'><strong>scholiestis.</strong></span> <span class='ocrx_word' id='word_1_185' title='bbox 693 2856 732 2904; x_wconf 79' lang='lat' dir='ltr'><strong>Ita</strong></span> 
     </span>
    </p>
   </div>
   <div class='ocr_carea' id='block_1_12' title="bbox 175 2918 1315 4560">
    <p class='ocr_par' dir='ltr' id='par_1_12' title="bbox 175 2918 1315 4560">
     <span class='ocr_line' id='line_1_26' title="bbox 184 2918 1314 3003; baseline 0.027 -38"><span class='ocrx_word' id='word_1_186' title='bbox 184 2918 277 2967; x_wconf 85' lang='lat' dir='ltr'><strong>loeutus</strong></span> <span class='ocrx_word' id='word_1_187' title='bbox 294 2931 329 2969; x_wconf 80' lang='lat' dir='ltr'><strong>eet</strong></span> <span class='ocrx_word' id='word_1_188' title='bbox 346 2923 419 2972; x_wconf 78' lang='lat' dir='ltr'><strong>etiam</strong></span> <span class='ocrx_word' id='word_1_189' title='bbox 432 2925 529 2976; x_wconf 80' lang='lat' dir='ltr'><strong>Tacitus</strong></span> <span class='ocrx_word' id='word_1_190' title='bbox 539 2930 593 2990; x_wconf 89' lang='lat' dir='ltr'><strong>plus</strong></span> <span class='ocrx_word' id='word_1_191' title='bbox 608 2934 691 2994; x_wconf 88' lang='lat' dir='ltr'><strong>semel,</strong></span> <span class='ocrx_word' id='word_1_192' title='bbox 709 2943 733 2982; x_wconf 87' lang='lat' dir='ltr'><strong>et</strong></span> <span class='ocrx_word' id='word_1_193' title='bbox 765 2938 824 2985; x_wconf 88' lang='lat' dir='ltr'><strong>Huc</strong></span> <span class='ocrx_word' id='word_1_194' title='bbox 839 2941 973 3000; x_wconf 79' lang='lat' dir='ltr'><strong>protelatoe:</strong></span> <span class='ocrx_word' id='word_1_195' title='bbox 993 2939 1009 2985; x_wconf 92' lang='lat' dir='ltr'><strong>i.</strong></span> <span class='ocrx_word' id='word_1_196' title='bbox 1021 2955 1040 2986; x_wconf 86' lang='lat' dir='ltr'><strong>e.</strong></span> <span class='ocrx_word' id='word_1_197' title='bbox 1062 2941 1177 2988; x_wconf 83' lang='lat' dir='ltr'><strong>hactenus</strong></span> <span class='ocrx_word' id='word_1_198' title='bbox 1195 2943 1314 3003; x_wconf 68' lang='lat' dir='ltr'><strong>perducta</strong></span> 
     </span>
     <span class='ocr_line' id='line_1_27' title="bbox 184 2994 1313 3082; baseline 0.027 -40"><span class='ocrx_word' id='word_1_199' title='bbox 184 2994 226 3042; x_wconf 79' lang='lat' dir='ltr'><strong>alii</strong></span> <span class='ocrx_word' id='word_1_200' title='bbox 236 2997 322 3056; x_wconf 80' lang='lat' dir='ltr'><strong>plures</strong></span> <span class='ocrx_word' id='word_1_201' title='bbox 765 3021 789 3058; x_wconf 86' lang='lat' dir='ltr'><strong>et</strong></span> <span class='ocrx_word' id='word_1_202' title='bbox 803 3023 909 3062; x_wconf 79' lang='lat' dir='ltr'><strong>extentae.</strong></span> <span class='ocrx_word' id='word_1_203' title='bbox 942 3015 1026 3078; x_wconf 78' lang='lat' dir='ltr'><strong>Vulgo</strong></span> <span class='ocrx_word' id='word_1_204' title='bbox 1041 3015 1135 3080; x_wconf 82' lang='lat' dir='ltr'><strong>legitur,</strong></span> <span class='ocrx_word' id='word_1_205' title='bbox 1154 3023 1171 3047; x_wconf 92' lang='grc'>“</span> <span class='ocrx_word' id='word_1_206' title='bbox 1189 3022 1220 3070; x_wconf 88' lang='lat' dir='ltr'><strong>Ut</strong></span> <span class='ocrx_word' id='word_1_207' title='bbox 1235 3032 1313 3082; x_wconf 86' lang='lat' dir='ltr'><strong>prote·</strong></span> 
     </span>
     <span class='ocr_line' id='line_1_28' title="bbox 217 3073 1314 3160; baseline 0.027 -40"><span class='ocrx_word' id='word_1_208' title='bbox 217 3073 274 3122; x_wconf 90' lang='lat' dir='ltr'><strong>Ver.</strong></span> <span class='ocrx_word' id='word_1_209' title='bbox 285 3079 340 3128; x_wconf 76' lang='lat'><strong>522.</strong></span> <span class='ocrx_word' id='word_1_210' title='bbox 356 3080 441 3128; x_wconf 78' lang='lat' dir='ltr'><strong>ducat.-</strong></span> <span class='ocrx_word' id='word_1_211' title='bbox 460 3080 493 3129; x_wconf 83' lang='lat' dir='ltr'><strong>sic</strong></span> <span class='ocrx_word' id='word_1_212' title='bbox 510 3083 539 3131; x_wconf 92' lang='lat' dir='ltr'><strong>P.</strong></span> <span class='ocrx_word' id='word_1_213' title='bbox 550 3084 626 3133; x_wconf 84' lang='lat' dir='ltr'><strong>Viud.</strong></span> <span class='ocrx_word' id='word_1_214' title='bbox 643 3087 680 3135; x_wconf 84' lang='lat' dir='ltr'><strong>M.</strong></span> <span class='ocrx_word' id='word_1_215' title='bbox 696 3103 732 3136; x_wconf 85' lang='lat' dir='ltr'><strong>re·</strong></span> <span class='ocrx_word' id='word_1_216' title='bbox 765 3090 872 3138; x_wconf 58' lang='lat' dir='ltr'><strong>“late”</strong></span> <span class='ocrx_word' id='word_1_217' title='bbox 905 3090 1076 3153; x_wconf 77' lang='lat' dir='ltr'><strong>Tertullianus,</strong></span> <span class='ocrx_word' id='word_1_218' title='bbox 1093 3094 1181 3158; x_wconf 73' lang='lat' dir='ltr'><strong>advers.</strong></span> <span class='ocrx_word' id='word_1_219' title='bbox 1194 3097 1314 3160; x_wconf 71' lang='lat' dir='ltr'><strong>Marcie.</strong></span> 
     </span>
     <span class='ocr_line' id='line_1_29' title="bbox 184 3148 1314 3224; baseline 0.025 -29"><span class='ocrx_word' id='word_1_220' title='bbox 184 3148 254 3213; x_wconf 90' lang='lat' dir='ltr'><strong>liqui,</strong></span> <span class='ocrx_word' id='word_1_221' title='bbox 264 3155 342 3202; x_wconf 80' lang='lat' dir='ltr'><strong>ducit:</strong></span> <span class='ocrx_word' id='word_1_222' title='bbox 360 3155 413 3203; x_wconf 90' lang='lat' dir='ltr'><strong>vide</strong></span> <span class='ocrx_word' id='word_1_223' title='bbox 424 3173 503 3219; x_wconf 76' lang='lat' dir='ltr'><strong>supra,</strong></span> <span class='ocrx_word' id='word_1_224' title='bbox 515 3160 546 3208; x_wconf 85' lang='lat' dir='ltr'><strong>ed</strong></span> <span class='ocrx_word' id='word_1_225' title='bbox 556 3177 602 3210; x_wconf 89' lang='lat' dir='ltr'><strong>ver.</strong></span> <span class='ocrx_word' id='word_1_226' title='bbox 613 3168 668 3214; x_wconf 79' lang='grc'><strong>478.</strong></span> <span class='ocrx_word' id='word_1_227' title='bbox 725 3207 728 3212; x_wconf 88' lang='grc'><strong>,</strong></span> <span class='ocrx_word' id='word_1_228' title='bbox 766 3171 804 3214; x_wconf 79' lang='lat'><strong>21.</strong></span> <span class='ocrx_word' id='word_1_229' title='bbox 821 3166 851 3214; x_wconf 88' lang='lat' dir='ltr'><strong>de</strong></span> <span class='ocrx_word' id='word_1_230' title='bbox 870 3167 925 3214; x_wconf 86' lang='lat' dir='ltr'><strong>Deo</strong></span> <span class='ocrx_word' id='word_1_231' title='bbox 941 3174 1109 3216; x_wconf 80' lang='lat' dir='ltr'><strong>creatore:-“</strong></span> <span class='ocrx_word' id='word_1_232' title='bbox 1120 3169 1210 3220; x_wconf 66' lang='lat' dir='ltr'><strong>manne</strong></span> <span class='ocrx_word' id='word_1_233' title='bbox 1226 3175 1314 3224; x_wconf 74' lang='lat' dir='ltr'><strong>coelesti</strong></span> 
     </span>
     <span class='ocr_line' id='line_1_30' title="bbox 216 3231 1315 3310; baseline 0.02 -31"><span class='ocrx_word' id='word_1_234' title='bbox 216 3231 274 3281; x_wconf 87' lang='lat' dir='ltr'><strong>Ver.</strong></span> <span class='ocrx_word' id='word_1_235' title='bbox 286 3239 340 3282; x_wconf 75' lang='lat'><strong>524.</strong></span> <span class='ocrx_word' id='word_1_236' title='bbox 357 3239 444 3286; x_wconf 82' lang='lat' dir='ltr'><strong>cluere.-</strong></span> <span class='ocrx_word' id='word_1_237' title='bbox 463 3239 538 3288; x_wconf 85' lang='lat' dir='ltr'><strong>Vind.</strong></span> <span class='ocrx_word' id='word_1_238' title='bbox 552 3253 583 3291; x_wconf 83' lang='lat' dir='ltr'><strong>n.</strong></span> <span class='ocrx_word' id='word_1_239' title='bbox 596 3250 623 3292; x_wconf 74' lang='grc' dir='ltr'><strong>Σ.</strong></span> <span class='ocrx_word' id='word_1_240' title='bbox 639 3247 733 3306; x_wconf 59' lang='lat' dir='ltr'><strong>clueret,</strong></span> <span class='ocrx_word' id='word_1_241' title='bbox 768 3248 785 3272; x_wconf 87' lang='lat'><strong>“</strong></span> <span class='ocrx_word' id='word_1_242' title='bbox 796 3255 937 3292; x_wconf 79' lang='lat' dir='ltr'><strong>-sexcente</strong></span> <span class='ocrx_word' id='word_1_243' title='bbox 945 3244 1021 3293; x_wconf 84' lang='lat' dir='ltr'><strong>millia</strong></span> <span class='ocrx_word' id='word_1_244' title='bbox 1028 3247 1155 3294; x_wconf 90' lang='lat' dir='ltr'><strong>homiuum</strong></span> <span class='ocrx_word' id='word_1_245' title='bbox 1161 3253 1315 3310; x_wconf 48' lang='lat' dir='ltr'><strong>protelavit?</strong></span> 
     </span>
     <span class='ocr_line' id='line_1_31' title="bbox 184 3307 1313 3387; baseline 0.017 -30"><span class='ocrx_word' id='word_1_246' title='bbox 184 3307 286 3358; x_wconf 72' lang='lat' dir='ltr'><strong>adducti</strong></span> <span class='ocrx_word' id='word_1_247' title='bbox 301 3323 412 3375; x_wconf 83' lang='lat' dir='ltr'><strong>sequente</strong></span> <span class='ocrx_word' id='word_1_248' title='bbox 428 3313 540 3378; x_wconf 79' lang='lat' dir='ltr'><strong>dictione,</strong></span> <span class='ocrx_word' id='word_1_249' title='bbox 557 3335 609 3382; x_wconf 77' lang='lat' dir='ltr'><strong>quae</strong></span> <span class='ocrx_word' id='word_1_250' title='bbox 626 3321 691 3370; x_wconf 80' lang='lat' dir='ltr'><strong>deest</strong></span> <span class='ocrx_word' id='word_1_251' title='bbox 700 3325 733 3372; x_wconf 87' lang='lat' dir='ltr'><strong>V.</strong></span> <span class='ocrx_word' id='word_1_252' title='bbox 765 3320 779 3368; x_wconf 89' lang='lat' dir='ltr'><strong>i.</strong></span> <span class='ocrx_word' id='word_1_253' title='bbox 792 3337 812 3370; x_wconf 88' lang='lat' dir='ltr'><strong>e.</strong></span> <span class='ocrx_word' id='word_1_254' title='bbox 834 3322 870 3369; x_wconf 87' lang='lat' dir='ltr'><strong>nti</strong></span> <span class='ocrx_word' id='word_1_255' title='bbox 887 3325 947 3370; x_wconf 86' lang='lat' dir='ltr'><strong>bene</strong></span> <span class='ocrx_word' id='word_1_256' title='bbox 967 3323 1087 3386; x_wconf 79' lang='lat' dir='ltr'><strong>Rigaltius</strong></span> <span class='ocrx_word' id='word_1_257' title='bbox 1104 3327 1209 3387; x_wconf 88' lang='lat' dir='ltr'><strong>exponit,</strong></span> <span class='ocrx_word' id='word_1_258' title='bbox 1229 3333 1247 3358; x_wconf 86' lang='lat'><strong>“</strong></span> <span class='ocrx_word' id='word_1_259' title='bbox 1259 3331 1313 3380; x_wconf 82' lang='lat' dir='ltr'><strong>vitae</strong></span> 
     </span>
     <span class='ocr_line' id='line_1_32' title="bbox 179 3387 1313 3472; baseline 0.02 -37"><span class='ocrx_word' id='word_1_260' title='bbox 179 3387 219 3436; x_wconf 82' lang='lat' dir='ltr'><strong>ed.</strong></span> <span class='ocrx_word' id='word_1_261' title='bbox 766 3403 782 3427; x_wconf 91' lang='lat'><strong>“</strong></span> <span class='ocrx_word' id='word_1_262' title='bbox 792 3410 816 3447; x_wconf 85' lang='lat' dir='ltr'><strong>et</strong></span> <span class='ocrx_word' id='word_1_263' title='bbox 824 3401 1025 3450; x_wconf 83' lang='lat' dir='ltr'><strong>viriumtenorem</strong></span> <span class='ocrx_word' id='word_1_264' title='bbox 1032 3403 1186 3464; x_wconf 78' lang='lat' dir='ltr'><strong>continuavit,</strong></span> <span class='ocrx_word' id='word_1_265' title='bbox 1194 3407 1313 3472; x_wconf 83' lang='lat' dir='ltr'><strong>produxit,</strong></span> 
     </span>
     <span class='ocr_line' id='line_1_33' title="bbox 215 3465 1313 3542; baseline 0.019 -29"><span class='ocrx_word' id='word_1_266' title='bbox 215 3467 273 3515; x_wconf 87' lang='lat' dir='ltr'><strong>Ver.</strong></span> <span class='ocrx_word' id='word_1_267' title='bbox 286 3473 340 3517; x_wconf 77' lang='lat'><strong>526.</strong></span> <span class='ocrx_word' id='word_1_268' title='bbox 356 3485 483 3520; x_wconf 69' lang='lat' dir='ltr'><strong>nemmem.-</strong></span> <span class='ocrx_word' id='word_1_269' title='bbox 503 3485 536 3522; x_wconf 78' lang='grc' dir='ltr'><strong>Ω.</strong></span> <span class='ocrx_word' id='word_1_270' title='bbox 548 3493 650 3526; x_wconf 70' lang='lat' dir='ltr'><strong>summa,-</strong></span> <span class='ocrx_word' id='word_1_271' title='bbox 669 3487 697 3526; x_wconf 78' lang='lat' dir='ltr'><strong>ut</strong></span> <span class='ocrx_word' id='word_1_272' title='bbox 706 3481 732 3528; x_wconf 79' lang='lat' dir='ltr'><strong>in</strong></span> <span class='ocrx_word' id='word_1_273' title='bbox 765 3479 783 3504; x_wconf 90' lang='lat'><strong>“</strong></span> <span class='ocrx_word' id='word_1_274' title='bbox 794 3465 943 3537; x_wconf 30' lang='lat' dir='ltr'><strong>protraxit&amp;</strong></span> <span class='ocrx_word' id='word_1_275' title='bbox 953 3479 1041 3527; x_wconf 86' lang='lat' dir='ltr'><strong>Confer</strong></span> <span class='ocrx_word' id='word_1_276' title='bbox 1054 3481 1194 3542; x_wconf 87' lang='lat' dir='ltr'><strong>Apuleium,</strong></span> <span class='ocrx_word' id='word_1_277' title='bbox 1206 3495 1261 3534; x_wconf 76' lang='lat' dir='ltr'><strong>met.</strong></span> <span class='ocrx_word' id='word_1_278' title='bbox 1273 3487 1313 3536; x_wconf 87' lang='lat' dir='ltr'><strong>lib.</strong></span> 
     </span>
     <span class='ocr_line' id='line_1_34' title="bbox 185 3548 1312 3626; baseline 0.022 -39"><span class='ocrx_word' id='word_1_279' title='bbox 185 3557 253 3589; x_wconf 89' lang='lat' dir='ltr'><strong>versu</strong></span> <span class='ocrx_word' id='word_1_280' title='bbox 263 3548 377 3604; x_wconf 82' lang='lat' dir='ltr'><strong>proximo,</strong></span> <span class='ocrx_word' id='word_1_281' title='bbox 390 3549 464 3599; x_wconf 85' lang='lat' dir='ltr'><strong>vind.</strong></span> <span class='ocrx_word' id='word_1_282' title='bbox 482 3556 646 3619; x_wconf 71' lang='lat' dir='ltr'><strong>11.2.finitn‚</strong></span> <span class='ocrx_word' id='word_1_283' title='bbox 666 3563 691 3603; x_wconf 83' lang='lat' dir='ltr'><strong>et</strong></span> <span class='ocrx_word' id='word_1_284' title='bbox 702 3556 732 3606; x_wconf 89' lang='lat' dir='ltr'><strong>V.</strong></span> <span class='ocrx_word' id='word_1_285' title='bbox 764 3555 811 3602; x_wconf 87' lang='lat' dir='ltr'><strong>viii.</strong></span> <span class='ocrx_word' id='word_1_286' title='bbox 824 3573 845 3617; x_wconf 90' lang='lat' dir='ltr'><strong>p.</strong></span> <span class='ocrx_word' id='word_1_287' title='bbox 858 3561 912 3606; x_wconf 84' lang='lat'><strong>577.</strong></span> <span class='ocrx_word' id='word_1_288' title='bbox 930 3557 985 3606; x_wconf 83' lang='lat' dir='ltr'><strong>edit.</strong></span> <span class='ocrx_word' id='word_1_289' title='bbox 1005 3559 1159 3622; x_wconf 82' lang='lat' dir='ltr'><strong>Oudendorp,</strong></span> <span class='ocrx_word' id='word_1_290' title='bbox 1179 3562 1220 3610; x_wconf 86' lang='lat' dir='ltr'><strong>scd</strong></span> <span class='ocrx_word' id='word_1_291' title='bbox 1230 3563 1312 3626; x_wconf 82' lang='lat' dir='ltr'><strong>impri-</strong></span> 
     </span>
     <span class='ocr_line' id='line_1_35' title="bbox 184 3619 1312 3703; baseline 0.02 -37"><span class='ocrx_word' id='word_1_292' title='bbox 184 3619 222 3668; x_wconf 84' lang='lat' dir='ltr'><strong>ed.</strong></span> <span class='ocrx_word' id='word_1_293' title='bbox 235 3624 343 3682; x_wconf 76' lang='lat' dir='ltr'><strong>probam5</strong></span> <span class='ocrx_word' id='word_1_294' title='bbox 360 3625 391 3672; x_wconf 91' lang='lat' dir='ltr'><strong>ob</strong></span> <span class='ocrx_word' id='word_1_295' title='bbox 401 3641 507 3675; x_wconf 80' lang='lat' dir='ltr'><strong>caussam</strong></span> <span class='ocrx_word' id='word_1_296' title='bbox 518 3629 548 3677; x_wconf 81' lang='lat' dir='ltr'><strong>od</strong></span> <span class='ocrx_word' id='word_1_297' title='bbox 560 3640 611 3679; x_wconf 80' lang='lat' dir='ltr'><strong>ver:</strong></span> <span class='ocrx_word' id='word_1_298' title='bbox 620 3637 673 3683; x_wconf 87' lang='lat'><strong>196.</strong></span> <span class='ocrx_word' id='word_1_299' title='bbox 689 3633 737 3682; x_wconf 63' lang='lat' dir='ltr'><strong>de:</strong></span> <span class='ocrx_word' id='word_1_300' title='bbox 763 3632 809 3679; x_wconf 88' lang='lat' dir='ltr'><strong>mis</strong></span> <span class='ocrx_word' id='word_1_301' title='bbox 827 3632 907 3680; x_wconf 83' lang='lat' dir='ltr'><strong>doctus</strong></span> <span class='ocrx_word' id='word_1_302' title='bbox 919 3635 1048 3684; x_wconf 77' lang='lat' dir='ltr'><strong>Munclreri</strong></span> <span class='ocrx_word' id='word_1_303' title='bbox 1068 3645 1136 3685; x_wconf 84' lang='lat' dir='ltr'><strong>notas</strong></span> <span class='ocrx_word' id='word_1_304' title='bbox 1152 3637 1183 3685; x_wconf 85' lang='lat' dir='ltr'><strong>ed</strong></span> <span class='ocrx_word' id='word_1_305' title='bbox 1202 3639 1312 3703; x_wconf 84' lang='lat' dir='ltr'><strong>Fulgent.</strong></span> 
     </span>
     <span class='ocr_line' id='line_1_36' title="bbox 184 3696 1256 3770; baseline 0.023 -27"><span class='ocrx_word' id='word_1_306' title='bbox 184 3696 301 3746; x_wconf 74' lang='lat' dir='ltr'><strong>claretum.</strong></span> <span class='ocrx_word' id='word_1_307' title='bbox 763 3725 802 3770; x_wconf 88' lang='lat' dir='ltr'><strong>pp.</strong></span> <span class='ocrx_word' id='word_1_308' title='bbox 814 3717 869 3760; x_wconf 83' lang='lat'><strong>609.</strong></span> <span class='ocrx_word' id='word_1_309' title='bbox 882 3715 936 3761; x_wconf 77' lang='lat'><strong>635.</strong></span> <span class='ocrx_word' id='word_1_310' title='bbox 949 3717 1003 3762; x_wconf 85' lang='lat'><strong>768.</strong></span> <span class='ocrx_word' id='word_1_311' title='bbox 1015 3713 1070 3762; x_wconf 87' lang='lat' dir='ltr'><strong>edit.</strong></span> <span class='ocrx_word' id='word_1_312' title='bbox 1084 3716 1201 3762; x_wconf 80' lang='lat' dir='ltr'><strong>Steveren.</strong></span> <span class='ocrx_word' id='word_1_313' title='bbox 1252 3765 1256 3768; x_wconf 86' lang='lat'><strong>.</strong></span> 
     </span>
     <span class='ocr_line' id='line_1_37' title="bbox 216 3776 1312 3852; baseline 0.015 -27"><span class='ocrx_word' id='word_1_314' title='bbox 216 3776 273 3823; x_wconf 78' lang='lat' dir='ltr'><strong>Ver.</strong></span> <span class='ocrx_word' id='word_1_315' title='bbox 291 3781 346 3826; x_wconf 75' lang='lat'><strong>528.</strong></span> <span class='ocrx_word' id='word_1_316' title='bbox 367 3797 422 3842; x_wconf 81' lang='lat' dir='ltr'><strong>ego:</strong></span> <span class='ocrx_word' id='word_1_317' title='bbox 447 3782 521 3832; x_wconf 85' lang='lat' dir='ltr'><strong>Vind.</strong></span> <span class='ocrx_word' id='word_1_318' title='bbox 543 3803 593 3849; x_wconf 81' lang='lat' dir='ltr'><strong>age,</strong></span> <span class='ocrx_word' id='word_1_319' title='bbox 616 3797 644 3837; x_wconf 86' lang='lat' dir='ltr'><strong>ut</strong></span> <span class='ocrx_word' id='word_1_320' title='bbox 664 3806 731 3839; x_wconf 83' lang='lat' dir='ltr'><strong>com.</strong></span> <span class='ocrx_word' id='word_1_321' title='bbox 797 3787 852 3835; x_wconf 85' lang='lat' dir='ltr'><strong>Ver.</strong></span> <span class='ocrx_word' id='word_1_322' title='bbox 864 3793 918 3837; x_wconf 80' lang='lat'><strong>553.</strong></span> <span class='ocrx_word' id='word_1_323' title='bbox 943 3789 992 3838; x_wconf 90' lang='lat' dir='ltr'><strong>Pro</strong></span> <span class='ocrx_word' id='word_1_324' title='bbox 1010 3795 1084 3852; x_wconf 70' lang='lat' dir='ltr'><strong>uragu</strong></span> <span class='ocrx_word' id='word_1_325' title='bbox 1103 3792 1213 3837; x_wconf 89' lang='lat' dir='ltr'><strong>omnium</strong></span> <span class='ocrx_word' id='word_1_326' title='bbox 1232 3808 1312 3840; x_wconf 83' lang='lat' dir='ltr'><strong>exem-</strong></span> 
     </span>
     <span class='ocr_line' id='line_1_38' title="bbox 183 3853 1312 3930; baseline 0.017 -31"><span class='ocrx_word' id='word_1_327' title='bbox 183 3867 269 3902; x_wconf 86' lang='lat' dir='ltr'><strong>munes</strong></span> <span class='ocrx_word' id='word_1_328' title='bbox 289 3853 416 3915; x_wconf 83' lang='lat' dir='ltr'><strong>editiones3</strong></span> <span class='ocrx_word' id='word_1_329' title='bbox 444 3872 501 3906; x_wconf 83' lang='lat' dir='ltr'><strong>nam</strong></span> <span class='ocrx_word' id='word_1_330' title='bbox 519 3862 545 3909; x_wconf 90' lang='lat' dir='ltr'><strong>in</strong></span> <span class='ocrx_word' id='word_1_331' title='bbox 563 3863 630 3913; x_wconf 86' lang='lat' dir='ltr'><strong>libris</strong></span> <span class='ocrx_word' id='word_1_332' title='bbox 649 3869 730 3930; x_wconf 77' lang='lat' dir='ltr'><strong>nullis,</strong></span> <span class='ocrx_word' id='word_1_333' title='bbox 761 3863 875 3924; x_wconf 78' lang='lat' dir='ltr'><strong>plurium,</strong></span> <span class='ocrx_word' id='word_1_334' title='bbox 891 3866 1102 3926; x_wconf 75' lang='lat' dir='ltr'><strong>tumscriptorum,</strong></span> <span class='ocrx_word' id='word_1_335' title='bbox 1120 3881 1192 3928; x_wconf 82' lang='lat' dir='ltr'><strong>quam</strong></span> <span class='ocrx_word' id='word_1_336' title='bbox 1203 3869 1312 3927; x_wconf 85' lang='lat' dir='ltr'><strong>primitus</strong></span> 
     </span>
     <span class='ocr_line' id='line_1_39' title="bbox 182 3931 1312 4004; baseline 0.015 -25"><span class='ocrx_word' id='word_1_337' title='bbox 182 3945 243 3992; x_wconf 81' lang='lat' dir='ltr'><strong>quos</strong></span> <span class='ocrx_word' id='word_1_338' title='bbox 258 3931 285 3978; x_wconf 86' lang='lat' dir='ltr'><strong>in</strong></span> <span class='ocrx_word' id='word_1_339' title='bbox 300 3941 413 3982; x_wconf 80' lang='lat' dir='ltr'><strong>contextu</strong></span> <span class='ocrx_word' id='word_1_340' title='bbox 430 3939 596 3990; x_wconf 76' lang='lat' dir='ltr'><strong>constituendo</strong></span> <span class='ocrx_word' id='word_1_341' title='bbox 605 3942 677 3992; x_wconf 77' lang='lat' dir='ltr'><strong>duces</strong></span> <span class='ocrx_word' id='word_1_342' title='bbox 688 3948 730 3995; x_wconf 68' lang='lat' dir='ltr'><strong>ha.</strong></span> <span class='ocrx_word' id='word_1_343' title='bbox 763 3942 941 4002; x_wconf 79' lang='lat' dir='ltr'><strong>impressorum,</strong></span> <span class='ocrx_word' id='word_1_344' title='bbox 958 3959 1028 3990; x_wconf 89' lang='lat' dir='ltr'><strong>suum</strong></span> <span class='ocrx_word' id='word_1_345' title='bbox 1042 3947 1119 3992; x_wconf 78' lang='lat' dir='ltr'><strong>miuus</strong></span> <span class='ocrx_word' id='word_1_346' title='bbox 1130 3960 1172 4004; x_wconf 87' lang='lat' dir='ltr'><strong>per</strong></span> <span class='ocrx_word' id='word_1_347' title='bbox 1187 3945 1312 3996; x_wconf 76' lang='lat' dir='ltr'><strong>audaciam</strong></span> 
     </span>
     <span class='ocr_line' id='line_1_40' title="bbox 182 4008 1312 4081; baseline 0.019 -27"><span class='ocrx_word' id='word_1_348' title='bbox 182 4008 274 4066; x_wconf 80' lang='lat' dir='ltr'><strong>bemus,</strong></span> <span class='ocrx_word' id='word_1_349' title='bbox 287 4010 331 4058; x_wconf 86' lang='lat' dir='ltr'><strong>.hic</strong></span> <span class='ocrx_word' id='word_1_350' title='bbox 341 4025 423 4060; x_wconf 71' lang='lat' dir='ltr'><strong>uersus</strong></span> <span class='ocrx_word' id='word_1_351' title='bbox 439 4012 534 4076; x_wconf 78' lang='lat' dir='ltr'><strong>legitur,</strong></span> <span class='ocrx_word' id='word_1_352' title='bbox 553 4021 657 4081; x_wconf 86' lang='lat' dir='ltr'><strong>exceptis</strong></span> <span class='ocrx_word' id='word_1_353' title='bbox 667 4022 695 4069; x_wconf 95' lang='lat' dir='ltr'><strong>P.</strong></span> <span class='ocrx_word' id='word_1_354' title='bbox 707 4032 731 4072; x_wconf 78' lang='lat' dir='ltr'><strong>et</strong></span> <span class='ocrx_word' id='word_1_355' title='bbox 761 4019 833 4080; x_wconf 79' lang='lat' dir='ltr'><strong>plane</strong></span> <span class='ocrx_word' id='word_1_356' title='bbox 847 4021 1069 4070; x_wconf 81' lang='lat' dir='ltr'><strong>facinorosissimam</strong></span> <span class='ocrx_word' id='word_1_357' title='bbox 1087 4021 1188 4070; x_wconf 85' lang='lat' dir='ltr'><strong>editores</strong></span> <span class='ocrx_word' id='word_1_358' title='bbox 1199 4024 1312 4076; x_wconf 87' lang='lat' dir='ltr'><strong>Lucretio</strong></span> 
     </span>
     <span class='ocr_line' id='line_1_41' title="bbox 182 4083 1310 4161; baseline 0.022 -31"><span class='ocrx_word' id='word_1_359' title='bbox 182 4083 256 4134; x_wconf 85' lang='lat' dir='ltr'><strong>Vind.</strong></span> <span class='ocrx_word' id='word_1_360' title='bbox 267 4087 476 4139; x_wconf 78' lang='lat' dir='ltr'><strong>utcdmolliorem</strong></span> <span class='ocrx_word' id='word_1_361' title='bbox 484 4097 728 4148; x_wconf 78' lang='lat' dir='ltr'><strong>sermoniscontinua·</strong></span> <span class='ocrx_word' id='word_1_362' title='bbox 762 4109 843 4148; x_wconf 87' lang='lat' dir='ltr'><strong>nostro</strong></span> <span class='ocrx_word' id='word_1_363' title='bbox 864 4104 994 4161; x_wconf 64' lang='lat' dir='ltr'><strong>obtrusum</strong></span> <span class='ocrx_word' id='word_1_364' title='bbox 1017 4103 1097 4152; x_wconf 92' lang='lat' dir='ltr'><strong>locum</strong></span> <span class='ocrx_word' id='word_1_365' title='bbox 1119 4103 1238 4153; x_wconf 81' lang='lat' dir='ltr'><strong>fedissime</strong></span> <span class='ocrx_word' id='word_1_366' title='bbox 1260 4117 1310 4155; x_wconf 81' lang='lat' dir='ltr'><strong>cot-</strong></span> 
     </span>
     <span class='ocr_line' id='line_1_42' title="bbox 182 4159 1310 4248; baseline 0.025 -41"><span class='ocrx_word' id='word_1_367' title='bbox 182 4159 272 4210; x_wconf 83' lang='lat' dir='ltr'><strong>tionem</strong></span> <span class='ocrx_word' id='word_1_368' title='bbox 281 4165 436 4228; x_wconf 83' lang='lat' dir='ltr'><strong>interpolatus</strong></span> <span class='ocrx_word' id='word_1_369' title='bbox 446 4169 521 4218; x_wconf 84' lang='lat' dir='ltr'><strong>videri</strong></span> <span class='ocrx_word' id='word_1_370' title='bbox 532 4173 610 4234; x_wconf 75' lang='lat' dir='ltr'><strong>possit.</strong></span> <span class='ocrx_word' id='word_1_371' title='bbox 761 4191 904 4242; x_wconf 81' lang='lat' dir='ltr'><strong>rumpentes,</strong></span> <span class='ocrx_word' id='word_1_372' title='bbox 920 4199 948 4231; x_wconf 90' lang='lat' dir='ltr'><strong>eo</strong></span> <span class='ocrx_word' id='word_1_373' title='bbox 959 4183 1024 4247; x_wconf 89' lang='lat' dir='ltr'><strong>quod</strong></span> <span class='ocrx_word' id='word_1_374' title='bbox 1034 4183 1065 4232; x_wconf 79' lang='lat' dir='ltr'><strong>ed</strong></span> <span class='ocrx_word' id='word_1_375' title='bbox 1076 4184 1193 4248; x_wconf 90' lang='lat' dir='ltr'><strong>liquidum</strong></span> <span class='ocrx_word' id='word_1_376' title='bbox 1204 4187 1310 4236; x_wconf 86' lang='lat' dir='ltr'><strong>intellec·</strong></span> 
     </span>
     <span class='ocr_line' id='line_1_43' title="bbox 213 4237 1312 4324; baseline 0.02 -34"><span class='ocrx_word' id='word_1_377' title='bbox 213 4237 271 4288; x_wconf 75' lang='lat' dir='ltr'><strong>Ver·</strong></span> <span class='ocrx_word' id='word_1_378' title='bbox 289 4246 344 4295; x_wconf 68' lang='lat'><strong>529.</strong></span> <span class='ocrx_word' id='word_1_379' title='bbox 360 4250 538 4299; x_wconf 61' lang='lat' dir='ltr'><strong>morosam-n.</strong></span> <span class='ocrx_word' id='word_1_380' title='bbox 555 4258 667 4312; x_wconf 78' lang='lat' dir='ltr'><strong>materia,-</strong></span> <span class='ocrx_word' id='word_1_381' title='bbox 692 4271 728 4304; x_wconf 87' lang='lat' dir='ltr'><strong>er·</strong></span> <span class='ocrx_word' id='word_1_382' title='bbox 761 4265 814 4304; x_wconf 88' lang='lat' dir='ltr'><strong>tum</strong></span> <span class='ocrx_word' id='word_1_383' title='bbox 825 4259 877 4320; x_wconf 89' lang='lat' dir='ltr'><strong>ejus</strong></span> <span class='ocrx_word' id='word_1_384' title='bbox 886 4261 1035 4324; x_wconf 82' lang='lat' dir='ltr'><strong>nequiverint</strong></span> <span class='ocrx_word' id='word_1_385' title='bbox 1051 4263 1178 4324; x_wconf 77' lang='lat' dir='ltr'><strong>pervenire.</strong></span> <span class='ocrx_word' id='word_1_386' title='bbox 1212 4265 1312 4312; x_wconf 84' lang='lat' dir='ltr'><strong>Brerius</strong></span> 
     </span>
     <span class='ocr_line' id='line_1_44' title="bbox 181 4317 1310 4402; baseline 0.024 -40"><span class='ocrx_word' id='word_1_387' title='bbox 181 4328 233 4362; x_wconf 81' lang='lat' dir='ltr'><strong>mre</strong></span> <span class='ocrx_word' id='word_1_388' title='bbox 242 4317 347 4368; x_wconf 84' lang='lat' dir='ltr'><strong>multum</strong></span> <span class='ocrx_word' id='word_1_389' title='bbox 357 4323 458 4374; x_wconf 87' lang='lat' dir='ltr'><strong>solenni.</strong></span> <span class='ocrx_word' id='word_1_390' title='bbox 762 4334 850 4383; x_wconf 85' lang='lat' dir='ltr'><strong>scilicet</strong></span> <span class='ocrx_word' id='word_1_391' title='bbox 860 4344 931 4400; x_wconf 78' lang='lat' dir='ltr'><strong>atque</strong></span> <span class='ocrx_word' id='word_1_392' title='bbox 943 4341 1128 4402; x_wconf 69' lang='grc' dir='ltr'><strong>ινθνμημιτικυς,</strong></span> <span class='ocrx_word' id='word_1_393' title='bbox 1142 4357 1185 4401; x_wconf 88' lang='lat' dir='ltr'><strong>pro</strong></span> <span class='ocrx_word' id='word_1_394' title='bbox 1195 4356 1262 4387; x_wconf 89' lang='lat' dir='ltr'><strong>more</strong></span> <span class='ocrx_word' id='word_1_395' title='bbox 1273 4357 1310 4388; x_wconf 81' lang='lat' dir='ltr'><strong>ar-</strong></span> 
     </span>
     <span class='ocr_line' id='line_1_45' title="bbox 211 4392 1309 4487; baseline 0.026 -48"><span class='ocrx_word' id='word_1_396' title='bbox 211 4392 270 4442; x_wconf 89' lang='lat' dir='ltr'><strong>Ver.</strong></span> <span class='ocrx_word' id='word_1_397' title='bbox 283 4399 338 4446; x_wconf 74' lang='lat'><strong>551.</strong></span> <span class='ocrx_word' id='word_1_398' title='bbox 352 4406 453 4461; x_wconf 80' lang='lat' dir='ltr'><strong>protelo:</strong></span> <span class='ocrx_word' id='word_1_399' title='bbox 474 4405 506 4454; x_wconf 89' lang='lat' dir='ltr'><strong>V.</strong></span> <span class='ocrx_word' id='word_1_400' title='bbox 524 4407 560 4457; x_wconf 89' lang='lat' dir='ltr'><strong>ed.</strong></span> <span class='ocrx_word' id='word_1_401' title='bbox 578 4412 681 4471; x_wconf 71' lang='lat' dir='ltr'><strong>promto,-</strong></span> <span class='ocrx_word' id='word_1_402' title='bbox 700 4416 727 4461; x_wconf 89' lang='grc' dir='ltr'><strong>Δ.</strong></span> <span class='ocrx_word' id='word_1_403' title='bbox 760 4417 963 4478; x_wconf 75' lang='lat' dir='ltr'><strong>gumententium,</strong></span> <span class='ocrx_word' id='word_1_404' title='bbox 974 4427 1045 4487; x_wconf 78' lang='lat' dir='ltr'><strong>etque</strong></span> <span class='ocrx_word' id='word_1_405' title='bbox 1056 4420 1082 4466; x_wconf 89' lang='lat' dir='ltr'><strong>in</strong></span> <span class='ocrx_word' id='word_1_406' title='bbox 1089 4419 1309 4481; x_wconf 75' lang='lat' dir='ltr'><strong>primispoe&#39;tarum,</strong></span> 
     </span>
     <span class='ocr_line' id='line_1_46' title="bbox 175 4475 1309 4560; baseline 0.027 -42"><span class='ocrx_word' id='word_1_407' title='bbox 175 4485 221 4534; x_wconf 72' lang='lat' dir='ltr'><strong>pro</strong></span> <span class='ocrx_word' id='word_1_408' title='bbox 231 4475 274 4522; x_wconf 84' lang='lat' dir='ltr'><strong>telo</strong></span> <span class='ocrx_word' id='word_1_409' title='bbox 278 4497 288 4531; x_wconf 89' lang='lat'><strong>,·</strong></span> <span class='ocrx_word' id='word_1_410' title='bbox 307 4485 339 4526; x_wconf 85' lang='lat' dir='ltr'><strong>n.</strong></span> <span class='ocrx_word' id='word_1_411' title='bbox 346 4493 392 4538; x_wconf 84' lang='lat' dir='ltr'><strong>pro</strong></span> <span class='ocrx_word' id='word_1_412' title='bbox 403 4484 461 4530; x_wconf 82' lang='lat' dir='ltr'><strong>tello.</strong></span> <span class='ocrx_word' id='word_1_413' title='bbox 760 4491 852 4556; x_wconf 84' lang='lat' dir='ltr'><strong>legibus</strong></span> <span class='ocrx_word' id='word_1_414' title='bbox 863 4497 1017 4547; x_wconf 82' lang='lat' dir='ltr'><strong>severioribus</strong></span> <span class='ocrx_word' id='word_1_415' title='bbox 1024 4499 1198 4560; x_wconf 83' lang='lat' dir='ltr'><strong>obstrictomm,</strong></span> <span class='ocrx_word' id='word_1_416' title='bbox 1210 4507 1234 4550; x_wconf 77' lang='lat' dir='ltr'><strong>et</strong></span> <span class='ocrx_word' id='word_1_417' title='bbox 1241 4515 1255 4548; x_wconf 77' lang='lat' dir='ltr'><strong>a</strong></span> <span class='ocrx_word' id='word_1_418' title='bbox 1262 4499 1309 4549; x_wconf 88' lang='lat' dir='ltr'><strong>lec·</strong></span> 
     </span>
    </p>
   </div>
   <div class='ocr_carea' id='block_1_13' title="bbox 0 0 1514 4984">
    <p class='ocr_par' dir='ltr' id='par_1_13' title="bbox 0 0 1514 4984">
     <span class='ocr_line' id='line_1_47' title="bbox 0 0 1514 4984; baseline 0 0"><span class='ocrx_word' id='word_1_419' title='bbox 0 0 1514 4984; x_wconf 95' lang='lat' dir='ltr'><strong> </strong></span> 
     </span>
    </p>
   </div>
  </div>
 </body>
</html>
